Date,Sales,Salesimp,Staunton Jams,Salesadj
3/17/2008,823.45,823.45,0,823.45
3/18/2008,716.55,716.55,0,716.55
3/19/2008,630.83,630.83,0,630.83
3/20/2008,775.83,775.83,0,775.83
3/21/2008,967.6,967.6,0,967.6
3/22/2008,1202.95,1202.95,0,1202.95
3/23/2008,701.25,701.25,0,701.25
3/24/2008,,584.11,0,584.11
3/25/2008,486.66,486.66,0,486.66
3/26/2008,732.08,732.08,0,732.08
3/27/2008,724.31,724.31,0,724.31
3/28/2008,335.78,335.78,0,335.78
3/29/2008,1067.94,1067.94,0,1067.94
3/30/2008,1268.95,1268.95,0,1268.95
3/31/2008,344.77,344.77,0,344.77
4/1/2008,650.24,650.24,0,650.24
4/2/2008,793.73,793.73,0,793.73
4/3/2008,434.07,434.07,0,434.07
4/4/2008,1215.51,1215.51,0,1215.51
4/5/2008,1286.68,1286.68,0,1286.68
4/6/2008,273,273,0,273
4/7/2008,544.3,544.3,0,544.3
4/8/2008,688.34,688.34,0,688.34
4/9/2008,814.25,814.25,0,814.25
4/10/2008,855.21,855.21,0,855.21
4/11/2008,1341.86,1341.86,0,1341.86
4/12/2008,1619.43,1619.43,0,1619.43
4/13/2008,171.82,171.82,0,171.82
4/14/2008,270.37,270.37,0,270.37
4/15/2008,686.79,686.79,0,686.79
4/16/2008,876.24,876.24,0,876.24
4/17/2008,902.84,902.84,0,902.84
4/18/2008,1394.14,1394.14,0,1394.14
4/19/2008,1344.36,1344.36,0,1344.36
4/20/2008,440.77,440.77,0,440.77
4/21/2008,156.52,156.52,0,156.52
4/22/2008,504.11,504.11,0,504.11
4/23/2008,887.72,887.72,0,887.72
4/24/2008,1319.75,1319.75,0,1319.75
4/25/2008,1067.64,1067.64,0,1067.64
4/26/2008,1517.7,1517.7,0,1517.7
4/27/2008,894.84,894.84,0,894.84
4/28/2008,344.87,344.87,0,344.87
4/29/2008,349.18,349.18,0,349.18
4/30/2008,512.57,512.57,0,512.57
5/1/2008,687.39,687.39,0,687.39
5/2/2008,1165.14,1165.14,0,1165.14
5/3/2008,1311.97,1311.97,0,1311.97
5/4/2008,836.79,836.79,0,836.79
5/5/2008,503.63,503.63,0,503.63
5/6/2008,787.69,787.69,0,787.69
5/7/2008,781.38,781.38,0,781.38
5/8/2008,813.6,813.6,0,813.6
5/9/2008,803.74,803.74,0,803.74
5/10/2008,1127.37,1127.37,0,1127.37
5/11/2008,436.54,436.54,0,436.54
5/12/2008,370.42,370.42,0,370.42
5/13/2008,946.36,946.36,0,946.36
5/14/2008,920.09,920.09,0,920.09
5/15/2008,689.56,689.56,0,689.56
5/16/2008,1041.72,1041.72,0,1041.72
5/17/2008,2530.22,2530.22,1,1530.22
5/18/2008,233.69,233.69,0,233.69
5/19/2008,417.35,417.35,0,417.35
5/20/2008,515.8,515.8,0,515.8
5/21/2008,565.85,565.85,0,565.85
5/22/2008,821.69,821.69,0,821.69
5/23/2008,1059.33,1059.33,0,1059.33
5/24/2008,1282.54,1282.54,0,1282.54
5/25/2008,379.39,379.39,0,379.39
5/26/2008,461.2,461.2,0,461.2
5/27/2008,509.93,509.93,0,509.93
5/28/2008,626.78,626.78,0,626.78
5/29/2008,793.63,793.63,0,793.63
5/30/2008,1066.91,1066.91,0,1066.91
5/31/2008,1020.6,1020.6,0,1020.6
6/1/2008,326.93,326.93,0,326.93
6/2/2008,470.62,470.62,0,470.62
6/3/2008,767.55,767.55,0,767.55
6/4/2008,930.33,930.33,0,930.33
6/5/2008,988.89,988.89,0,988.89
6/6/2008,1246.54,1246.54,0,1246.54
6/7/2008,1038.51,1038.51,0,1038.51
6/8/2008,616.14,616.14,0,616.14
6/9/2008,496.07,496.07,0,496.07
6/10/2008,697.07,697.07,0,697.07
6/11/2008,731.19,731.19,0,731.19
6/12/2008,893.37,893.37,0,893.37
6/13/2008,1027.02,1027.02,0,1027.02
6/14/2008,1243.53,1243.53,0,1243.53
6/15/2008,628.28,628.28,0,628.28
6/16/2008,428.07,428.07,0,428.07
6/17/2008,638.51,638.51,0,638.51
6/18/2008,791.77,791.77,0,791.77
6/19/2008,735.94,735.94,0,735.94
6/20/2008,751.44,751.44,0,751.44
6/21/2008,1228.16,1228.16,0,1228.16
6/22/2008,671.1,671.1,0,671.1
6/23/2008,346.32,346.32,0,346.32
6/24/2008,744.76,744.76,0,744.76
6/25/2008,629.42,629.42,0,629.42
6/26/2008,794.51,794.51,0,794.51
6/27/2008,1315.55,1315.55,0,1315.55
6/28/2008,1035.05,1035.05,0,1035.05
6/29/2008,550.6,550.6,0,550.6
6/30/2008,412.05,412.05,0,412.05
7/1/2008,636.53,636.53,0,636.53
7/2/2008,757.73,757.73,0,757.73
7/3/2008,930.25,930.25,0,930.25
7/4/2008,872.62,872.62,0,872.62
7/5/2008,1288.23,1288.23,0,1288.23
7/6/2008,510.18,510.18,0,510.18
7/7/2008,306.98,306.98,0,306.98
7/8/2008,781.47,781.47,0,781.47
7/9/2008,688.27,688.27,0,688.27
7/10/2008,760.65,760.65,0,760.65
7/11/2008,1125.92,1125.92,0,1125.92
7/12/2008,1319.24,1319.24,0,1319.24
7/13/2008,562.67,562.67,0,562.67
7/14/2008,426.51,426.51,0,426.51
7/15/2008,783.49,783.49,0,783.49
7/16/2008,729.15,729.15,0,729.15
7/17/2008,906.16,906.16,0,906.16
7/18/2008,1105.21,1105.21,0,1105.21
7/19/2008,1136.94,1136.94,0,1136.94
7/20/2008,618.53,618.53,0,618.53
7/21/2008,526.32,526.32,0,526.32
7/22/2008,706.76,706.76,0,706.76
7/23/2008,692.71,692.71,0,692.71
7/24/2008,814.44,814.44,0,814.44
7/25/2008,996.34,996.34,0,996.34
7/26/2008,1247.59,1247.59,0,1247.59
7/27/2008,544.83,544.83,0,544.83
7/28/2008,476.12,476.12,0,476.12
7/29/2008,579.48,579.48,0,579.48
7/30/2008,677.35,677.35,0,677.35
7/31/2008,716.8,716.8,0,716.8
8/1/2008,1055.38,1055.38,0,1055.38
8/2/2008,1114.17,1114.17,0,1114.17
8/3/2008,574.98,574.98,0,574.98
8/4/2008,377.22,377.22,0,377.22
8/5/2008,541.11,541.11,0,541.11
8/6/2008,695.78,695.78,0,695.78
8/7/2008,716.09,716.09,0,716.09
8/8/2008,922.76,922.76,0,922.76
8/9/2008,1309.35,1309.35,0,1309.35
8/10/2008,800.99,800.99,0,800.99
8/11/2008,549.53,549.53,0,549.53
8/12/2008,589.21,589.21,0,589.21
8/13/2008,491.09,491.09,0,491.09
8/14/2008,782.78,782.78,0,782.78
8/15/2008,783.77,783.77,0,783.77
8/16/2008,1089.99,1089.99,0,1089.99
8/17/2008,843.92,843.92,0,843.92
8/18/2008,761.56,761.56,0,761.56
8/19/2008,653.41,653.41,0,653.41
8/20/2008,749.84,749.84,0,749.84
8/21/2008,819.3,819.3,0,819.3
8/22/2008,836.54,836.54,0,836.54
8/23/2008,1112.84,1112.84,0,1112.84
8/24/2008,920.05,920.05,0,920.05
8/25/2008,532.05,532.05,0,532.05
8/26/2008,431.89,431.89,0,431.89
8/27/2008,410.71,410.71,0,410.71
8/28/2008,362.44,362.44,0,362.44
8/29/2008,815.97,815.97,0,815.97
8/30/2008,2016.88,2016.88,1,1016.88
8/31/2008,1739.04,1739.04,0,1739.04
9/1/2008,722.22,722.22,0,722.22
9/2/2008,399.47,399.47,0,399.47
9/3/2008,450.27,450.27,0,450.27
9/4/2008,644.51,644.51,0,644.51
9/5/2008,770.44,770.44,0,770.44
9/6/2008,1093.65,1093.65,0,1093.65
9/7/2008,881.02,881.02,0,881.02
9/8/2008,346.56,346.56,0,346.56
9/9/2008,333.52,333.52,0,333.52
9/10/2008,343.45,343.45,0,343.45
9/11/2008,439.48,439.48,0,439.48
9/12/2008,936.79,936.79,0,936.79
9/13/2008,1323.2,1323.2,0,1323.2
9/14/2008,724.67,724.67,0,724.67
9/15/2008,283.14,283.14,0,283.14
9/16/2008,367.17,367.17,0,367.17
9/17/2008,465.07,465.07,0,465.07
9/18/2008,465.83,465.83,0,465.83
9/19/2008,685.29,685.29,0,685.29
9/20/2008,1175.33,1175.33,0,1175.33
9/21/2008,559.05,559.05,0,559.05
9/22/2008,351.02,351.02,0,351.02
9/23/2008,406.41,406.41,0,406.41
9/24/2008,424.03,424.03,0,424.03
9/25/2008,286.9,286.9,0,286.9
9/26/2008,362.69,362.69,0,362.69
9/27/2008,1028.19,1028.19,0,1028.19
9/28/2008,530.15,530.15,0,530.15
9/29/2008,317.67,317.67,0,317.67
9/30/2008,388.11,388.11,0,388.11
10/1/2008,365.18,365.18,0,365.18
10/2/2008,343.08,343.08,0,343.08
10/3/2008,969.65,969.65,0,969.65
10/4/2008,1124.38,1124.38,0,1124.38
10/5/2008,712.19,712.19,0,712.19
10/6/2008,382.08,382.08,0,382.08
10/7/2008,347.21,347.21,0,347.21
10/8/2008,269.57,269.57,0,269.57
10/9/2008,568.18,568.18,0,568.18
10/10/2008,1002.28,1002.28,0,1002.28
10/11/2008,1293.32,1293.32,0,1293.32
10/12/2008,942.64,942.64,0,942.64
10/13/2008,501.41,501.41,0,501.41
10/14/2008,400.01,400.01,0,400.01
10/15/2008,804.65,804.65,0,804.65
10/16/2008,410.83,410.83,0,410.83
10/17/2008,585.12,585.12,0,585.12
10/18/2008,789.9,789.9,0,789.9
10/19/2008,326.8,326.8,0,326.8
10/20/2008,311.2,311.2,0,311.2
10/21/2008,321.88,321.88,0,321.88
10/22/2008,231.32,231.32,0,231.32
10/23/2008,406.02,406.02,0,406.02
10/24/2008,452.22,452.22,0,452.22
10/25/2008,750.14,750.14,0,750.14
10/26/2008,374.38,374.38,0,374.38
10/27/2008,201.41,201.41,0,201.41
10/28/2008,156.29,156.29,0,156.29
10/29/2008,204.23,204.23,0,204.23
10/30/2008,273.87,273.87,0,273.87
10/31/2008,587.96,587.96,0,587.96
11/1/2008,754.35,754.35,0,754.35
11/2/2008,475.14,475.14,0,475.14
11/3/2008,334.58,334.58,0,334.58
11/4/2008,233.54,233.54,0,233.54
11/5/2008,253.86,253.86,0,253.86
11/6/2008,375.92,375.92,0,375.92
11/7/2008,863.51,863.51,0,863.51
11/8/2008,779.44,779.44,0,779.44
11/9/2008,308.14,308.14,0,308.14
11/10/2008,149.7,149.7,0,149.7
11/11/2008,268.85,268.85,0,268.85
11/12/2008,316.47,316.47,0,316.47
11/13/2008,221.92,221.92,0,221.92
11/14/2008,799.44,799.44,0,799.44
11/15/2008,593.82,593.82,0,593.82
11/16/2008,308.54,308.54,0,308.54
11/17/2008,133.4,133.4,0,133.4
11/18/2008,143.84,143.84,0,143.84
11/19/2008,392.03,392.03,0,392.03
11/20/2008,194.2,194.2,0,194.2
11/21/2008,452.28,452.28,0,452.28
11/22/2008,315.31,315.31,0,315.31
11/23/2008,342.23,342.23,0,342.23
11/24/2008,161.47,161.47,0,161.47
11/25/2008,214.52,214.52,0,214.52
11/26/2008,277.87,277.87,0,277.87
11/27/2008,,264.01,0,264.01
11/28/2008,460.89,460.89,0,460.89
11/29/2008,512.37,512.37,0,512.37
11/30/2008,333.6,333.6,0,333.6
12/1/2008,309.02,309.02,0,309.02
12/2/2008,114.26,114.26,0,114.26
12/3/2008,682.99,682.99,0,682.99
12/4/2008,232.29,232.29,0,232.29
12/5/2008,355.61,355.61,0,355.61
12/6/2008,298.62,298.62,0,298.62
12/7/2008,116.22,116.22,0,116.22
12/8/2008,98.06,98.06,0,98.06
12/9/2008,262.21,262.21,0,262.21
12/10/2008,279.21,279.21,0,279.21
12/11/2008,128.28,128.28,0,128.28
12/12/2008,414.43,414.43,0,414.43
12/13/2008,392.38,392.38,0,392.38
12/14/2008,226.72,226.72,0,226.72
12/15/2008,234.32,234.32,0,234.32
12/16/2008,243.2,243.2,0,243.2
12/17/2008,174.32,174.32,0,174.32
12/18/2008,421.98,421.98,0,421.98
12/19/2008,415.17,415.17,0,415.17
12/20/2008,382.42,382.42,0,382.42
12/21/2008,97.29,97.29,0,97.29
12/22/2008,187.66,187.66,0,187.66
12/23/2008,239.01,239.01,0,239.01
12/24/2008,149.38,149.38,0,149.38
12/25/2008,,260.85,0,260.85
12/26/2008,,395.07,0,395.07
12/27/2008,,357.81,0,357.81
12/28/2008,,193.46,0,193.46
12/29/2008,,207.27,0,207.27
12/30/2008,,214.67,0,214.67
12/31/2008,,321.48,0,321.48
1/1/2009,,260.85,0,260.85
1/2/2009,424.97,424.97,0,424.97
1/3/2009,459.39,459.39,0,459.39
1/4/2009,247.05,247.05,0,247.05
1/5/2009,185.45,185.45,0,185.45
1/6/2009,86.71,86.71,0,86.71
1/7/2009,111.42,111.42,0,111.42
1/8/2009,122.17,122.17,0,122.17
1/9/2009,235.8,235.8,0,235.8
1/10/2009,423.01,423.01,0,423.01
1/11/2009,201.86,201.86,0,201.86
1/12/2009,168.38,168.38,0,168.38
1/13/2009,198.83,198.83,0,198.83
1/14/2009,208.91,208.91,0,208.91
1/15/2009,174.76,174.76,0,174.76
1/16/2009,173.43,173.43,0,173.43
1/17/2009,317.94,317.94,0,317.94
1/18/2009,250.83,250.83,0,250.83
1/19/2009,195.7,195.7,0,195.7
1/20/2009,148.43,148.43,0,148.43
1/21/2009,457.72,457.72,0,457.72
1/22/2009,181.76,181.76,0,181.76
1/23/2009,558.44,558.44,0,558.44
1/24/2009,602.98,602.98,0,602.98
1/25/2009,326.85,326.85,0,326.85
1/26/2009,84.53,84.53,0,84.53
1/27/2009,59.59,59.59,0,59.59
1/28/2009,173.79,173.79,0,173.79
1/29/2009,207.42,207.42,0,207.42
1/30/2009,347.5,347.5,0,347.5
1/31/2009,541.19,541.19,0,541.19
2/1/2009,265.03,265.03,0,265.03
2/2/2009,138.45,138.45,0,138.45
2/3/2009,197.97,197.97,0,197.97
2/4/2009,235.02,235.02,0,235.02
2/5/2009,260.51,260.51,0,260.51
2/6/2009,460.25,460.25,0,460.25
2/7/2009,962.21,962.21,0,962.21
2/8/2009,358.58,358.58,0,358.58
2/9/2009,245.84,245.84,0,245.84
2/10/2009,360.15,360.15,0,360.15
2/11/2009,283.08,283.08,0,283.08
2/12/2009,184.95,184.95,0,184.95
2/13/2009,372.08,372.08,0,372.08
2/14/2009,843.46,843.46,0,843.46
2/15/2009,462.77,462.77,0,462.77
2/16/2009,182.97,182.97,0,182.97
2/17/2009,177.38,177.38,0,177.38
2/18/2009,255.27,255.27,0,255.27
2/19/2009,257.9,257.9,0,257.9
2/20/2009,376.83,376.83,0,376.83
2/21/2009,518.23,518.23,0,518.23
2/22/2009,389.26,389.26,0,389.26
2/23/2009,212.66,212.66,0,212.66
2/24/2009,186.03,186.03,0,186.03
2/25/2009,228.36,228.36,0,228.36
2/26/2009,366.59,366.59,0,366.59
2/27/2009,424.29,424.29,0,424.29
2/28/2009,552.48,552.48,0,552.48
3/1/2009,82.98,82.98,0,82.98
3/2/2009,116.47,116.47,0,116.47
3/3/2009,86.28,86.28,0,86.28
3/4/2009,290.16,290.16,0,290.16
3/5/2009,227.64,227.64,0,227.64
3/6/2009,547.49,547.49,0,547.49
3/7/2009,1076.34,1076.34,0,1076.34
3/8/2009,729.21,729.21,0,729.21
3/9/2009,503.99,503.99,0,503.99
3/10/2009,267.74,267.74,0,267.74
3/11/2009,463.84,463.84,0,463.84
3/12/2009,304.8,304.8,0,304.8
3/13/2009,368.82,368.82,0,368.82
3/14/2009,475.78,475.78,0,475.78
3/15/2009,223.92,223.92,0,223.92
3/16/2009,178.7,178.7,0,178.7
3/17/2009,330.85,330.85,0,330.85
3/18/2009,501.09,501.09,0,501.09
3/19/2009,287.76,287.76,0,287.76
3/20/2009,645.32,645.32,0,645.32
3/21/2009,933.98,933.98,0,933.98
3/22/2009,721,721,0,721
3/23/2009,295.57,295.57,0,295.57
3/24/2009,215.64,215.64,0,215.64
3/25/2009,209.75,209.75,0,209.75
3/26/2009,321.26,321.26,0,321.26
3/27/2009,674.85,674.85,0,674.85
3/28/2009,772.45,772.45,0,772.45
3/29/2009,552.7,552.7,0,552.7
3/30/2009,309.61,309.61,0,309.61
3/31/2009,375.49,375.49,0,375.49
4/1/2009,390.91,390.91,0,390.91
4/2/2009,299.76,299.76,0,299.76
4/3/2009,591.17,591.17,0,591.17
4/4/2009,871.46,871.46,0,871.46
4/5/2009,741.34,741.34,0,741.34
4/6/2009,367.21,367.21,0,367.21
4/7/2009,335.25,335.25,0,335.25
4/8/2009,288.48,288.48,0,288.48
4/9/2009,517.62,517.62,0,517.62
4/10/2009,791.26,791.26,0,791.26
4/11/2009,781.52,781.52,0,781.52
4/12/2009,,703.85,0,703.85
4/13/2009,231.17,231.17,0,231.17
4/14/2009,254.83,254.83,0,254.83
4/15/2009,281.51,281.51,0,281.51
4/16/2009,421.99,421.99,0,421.99
4/17/2009,1183.43,1183.43,0,1183.43
4/18/2009,1078.27,1078.27,0,1078.27
4/19/2009,538.18,538.18,0,538.18
4/20/2009,273.14,273.14,0,273.14
4/21/2009,299.05,299.05,0,299.05
4/22/2009,667.84,667.84,0,667.84
4/23/2009,518.66,518.66,0,518.66
4/24/2009,982.22,982.22,0,982.22
4/25/2009,1538.68,1538.68,0,1538.68
4/26/2009,983.16,983.16,0,983.16
4/27/2009,,278.87,0,278.87
4/28/2009,445.46,445.46,0,445.46
4/29/2009,173.81,173.81,0,173.81
4/30/2009,462.36,462.36,0,462.36
5/1/2009,638.49,638.49,0,638.49
5/2/2009,930.98,930.98,0,930.98
5/3/2009,331.24,331.24,0,331.24
5/4/2009,243.94,243.94,0,243.94
5/5/2009,185.72,185.72,0,185.72
5/6/2009,464.43,464.43,0,464.43
5/7/2009,569.92,569.92,0,569.92
5/8/2009,988.14,988.14,0,988.14
5/9/2009,1270.81,1270.81,0,1270.81
5/10/2009,976.99,976.99,0,976.99
5/11/2009,398.2,398.2,0,398.2
5/12/2009,607.15,607.15,0,607.15
5/13/2009,444,444,0,444
5/14/2009,591.83,591.83,0,591.83
5/15/2009,870.04,870.04,0,870.04
5/16/2009,1348.24,1348.24,1,348.24
5/17/2009,338.86,338.86,0,338.86
5/18/2009,307.77,307.77,0,307.77
5/19/2009,513.34,513.34,0,513.34
5/20/2009,597.49,597.49,0,597.49
5/21/2009,641.74,641.74,0,641.74
5/22/2009,1035.91,1035.91,0,1035.91
5/23/2009,1537.87,1537.87,0,1537.87
5/24/2009,1151.62,1151.62,0,1151.62
5/25/2009,602.38,602.38,0,602.38
5/26/2009,,513.11,0,513.11
5/27/2009,445.94,445.94,0,445.94
5/28/2009,336.6,336.6,0,336.6
5/29/2009,767.47,767.47,0,767.47
5/30/2009,1030.19,1030.19,0,1030.19
5/31/2009,883.66,883.66,0,883.66
6/1/2009,443.91,443.91,0,443.91
6/2/2009,746.23,746.23,0,746.23
6/3/2009,578.51,578.51,0,578.51
6/4/2009,520.27,520.27,0,520.27
6/5/2009,689.88,689.88,0,689.88
6/6/2009,915.59,915.59,0,915.59
6/7/2009,754.16,754.16,0,754.16
6/8/2009,430.3,430.3,0,430.3
6/9/2009,456.55,456.55,0,456.55
6/10/2009,560.95,560.95,0,560.95
6/11/2009,562.24,562.24,0,562.24
6/12/2009,530.62,530.62,0,530.62
6/13/2009,1094.89,1094.89,0,1094.89
6/14/2009,857.9,857.9,0,857.9
6/15/2009,594.23,594.23,0,594.23
6/16/2009,434.56,434.56,0,434.56
6/17/2009,368.95,368.95,0,368.95
6/18/2009,709.96,709.96,0,709.96
6/19/2009,1031.4,1031.4,0,1031.4
6/20/2009,1151.94,1151.94,0,1151.94
6/21/2009,1013.31,1013.31,0,1013.31
6/22/2009,758.41,758.41,0,758.41
6/23/2009,686.36,686.36,0,686.36
6/24/2009,898.31,898.31,0,898.31
6/25/2009,676.24,676.24,0,676.24
6/26/2009,965.97,965.97,0,965.97
6/27/2009,1196.44,1196.44,0,1196.44
6/28/2009,696.85,696.85,0,696.85
6/29/2009,502.53,502.53,0,502.53
6/30/2009,556.42,556.42,0,556.42
7/1/2009,602.51,602.51,0,602.51
7/2/2009,741.85,741.85,0,741.85
7/3/2009,1304.36,1304.36,0,1304.36
7/4/2009,1085.07,1085.07,0,1085.07
7/5/2009,324.72,324.72,0,324.72
7/6/2009,646.82,646.82,0,646.82
7/7/2009,611.72,611.72,0,611.72
7/8/2009,565.56,565.56,0,565.56
7/9/2009,707.14,707.14,0,707.14
7/10/2009,1002.82,1002.82,0,1002.82
7/11/2009,1205.99,1205.99,0,1205.99
7/12/2009,978.56,978.56,0,978.56
7/13/2009,457.98,457.98,0,457.98
7/14/2009,588.16,588.16,0,588.16
7/15/2009,673.93,673.93,0,673.93
7/16/2009,723.89,723.89,0,723.89
7/17/2009,809.92,809.92,0,809.92
7/18/2009,1300.29,1300.29,0,1300.29
7/19/2009,813.12,813.12,0,813.12
7/20/2009,459.14,459.14,0,459.14
7/21/2009,707.5,707.5,0,707.5
7/22/2009,663.38,663.38,0,663.38
7/23/2009,787.5,787.5,0,787.5
7/24/2009,1038.95,1038.95,0,1038.95
7/25/2009,1143.78,1143.78,0,1143.78
7/26/2009,922.84,922.84,0,922.84
7/27/2009,561.42,561.42,0,561.42
7/28/2009,812.78,812.78,0,812.78
7/29/2009,558.88,558.88,0,558.88
7/30/2009,702.83,702.83,0,702.83
7/31/2009,825.99,825.99,0,825.99
8/1/2009,1322.31,1322.31,0,1322.31
8/2/2009,730.7,730.7,0,730.7
8/3/2009,583.92,583.92,0,583.92
8/4/2009,534.26,534.26,0,534.26
8/5/2009,624.79,624.79,0,624.79
8/6/2009,780.66,780.66,0,780.66
8/7/2009,872.95,872.95,0,872.95
8/8/2009,1183.12,1183.12,0,1183.12
8/9/2009,963.44,963.44,0,963.44
8/10/2009,675.06,675.06,0,675.06
8/11/2009,685.41,685.41,0,685.41
8/12/2009,677.83,677.83,0,677.83
8/13/2009,903.07,903.07,0,903.07
8/14/2009,787.85,787.85,0,787.85
8/15/2009,1159.59,1159.59,0,1159.59
8/16/2009,673.81,673.81,0,673.81
8/17/2009,515.43,515.43,0,515.43
8/18/2009,569.71,569.71,0,569.71
8/19/2009,424.33,424.33,0,424.33
8/20/2009,580.98,580.98,0,580.98
8/21/2009,947.24,947.24,0,947.24
8/22/2009,810.73,810.73,0,810.73
8/23/2009,668.45,668.45,0,668.45
8/24/2009,699.97,699.97,0,699.97
8/25/2009,466.7,466.7,0,466.7
8/26/2009,505.84,505.84,0,505.84
8/27/2009,437.01,437.01,0,437.01
8/28/2009,825.54,825.54,0,825.54
8/29/2009,1167.19,1167.19,0,1167.19
8/30/2009,657.12,657.12,0,657.12
8/31/2009,452.05,452.05,0,452.05
9/1/2009,322.91,322.91,0,322.91
9/2/2009,681.83,681.83,0,681.83
9/3/2009,398.72,398.72,0,398.72
9/4/2009,1024.21,1024.21,0,1024.21
9/5/2009,2185.33,2185.33,1,1185.33
9/6/2009,771.93,771.93,0,771.93
9/7/2009,696.14,696.14,0,696.14
9/8/2009,281.51,281.51,0,281.51
9/9/2009,323.19,323.19,0,323.19
9/10/2009,288.4,288.4,0,288.4
9/11/2009,804.19,804.19,0,804.19
9/12/2009,952.77,952.77,0,952.77
9/13/2009,581.66,581.66,0,581.66
9/14/2009,352.59,352.59,0,352.59
9/15/2009,465.26,465.26,0,465.26
9/16/2009,383.17,383.17,0,383.17
9/17/2009,369.31,369.31,0,369.31
9/18/2009,920.2,920.2,0,920.2
9/19/2009,794.39,794.39,0,794.39
9/20/2009,463.24,463.24,0,463.24
9/21/2009,339.89,339.89,0,339.89
9/22/2009,330.17,330.17,0,330.17
9/23/2009,394.25,394.25,0,394.25
9/24/2009,443.99,443.99,0,443.99
9/25/2009,429.21,429.21,0,429.21
9/26/2009,338.14,338.14,0,338.14
9/27/2009,564.21,564.21,0,564.21
9/28/2009,304.61,304.61,0,304.61
9/29/2009,277.92,277.92,0,277.92
9/30/2009,254.66,254.66,0,254.66
10/1/2009,258.53,258.53,0,258.53
10/2/2009,731.72,731.72,0,731.72
10/3/2009,782.55,782.55,0,782.55
10/4/2009,472.98,472.98,0,472.98
10/5/2009,319,319,0,319
10/6/2009,273.74,273.74,0,273.74
10/7/2009,450.91,450.91,0,450.91
10/8/2009,368.31,368.31,0,368.31
10/9/2009,1065.33,1065.33,0,1065.33
10/10/2009,877.12,877.12,0,877.12
10/11/2009,724.15,724.15,0,724.15
10/12/2009,327.63,327.63,0,327.63
10/13/2009,223.33,223.33,0,223.33
10/14/2009,142.1,142.1,0,142.1
10/15/2009,180.13,180.13,0,180.13
10/16/2009,512.97,512.97,0,512.97
10/17/2009,580.53,580.53,0,580.53
10/18/2009,342.42,342.42,0,342.42
10/19/2009,200.39,200.39,0,200.39
10/20/2009,320.97,320.97,0,320.97
10/21/2009,351.12,351.12,0,351.12
10/22/2009,421.37,421.37,0,421.37
10/23/2009,548.37,548.37,0,548.37
10/24/2009,1038.21,1038.21,0,1038.21
10/25/2009,617.3,617.3,0,617.3
10/26/2009,237.78,237.78,0,237.78
10/27/2009,220.48,220.48,0,220.48
10/28/2009,298.47,298.47,0,298.47
10/29/2009,341.28,341.28,0,341.28
10/30/2009,630.61,630.61,0,630.61
10/31/2009,569.99,569.99,0,569.99
11/1/2009,309.94,309.94,0,309.94
11/2/2009,152.29,152.29,0,152.29
11/3/2009,289.46,289.46,0,289.46
11/4/2009,265.75,265.75,0,265.75
11/5/2009,490.01,490.01,0,490.01
11/6/2009,562.33,562.33,0,562.33
11/7/2009,708.84,708.84,0,708.84
11/8/2009,461.24,461.24,0,461.24
11/9/2009,202.35,202.35,0,202.35
11/10/2009,228.56,228.56,0,228.56
11/11/2009,92.36,92.36,0,92.36
11/12/2009,190.87,190.87,0,190.87
11/13/2009,449.74,449.74,0,449.74
11/14/2009,951.56,951.56,0,951.56
11/15/2009,536.85,536.85,0,536.85
11/16/2009,300.57,300.57,0,300.57
11/17/2009,200.06,200.06,0,200.06
11/18/2009,226.82,226.82,0,226.82
11/19/2009,417.26,417.26,0,417.26
11/20/2009,745.91,745.91,0,745.91
11/21/2009,615.11,615.11,0,615.11
11/22/2009,259.22,259.22,0,259.22
11/23/2009,234.64,234.64,0,234.64
11/24/2009,241.46,241.46,0,241.46
11/25/2009,409.25,409.25,0,409.25
11/26/2009,,333.55,0,333.55
11/27/2009,449.61,449.61,0,449.61
11/28/2009,501.73,501.73,0,501.73
11/29/2009,405.71,405.71,0,405.71
11/30/2009,349.83,349.83,0,349.83
12/1/2009,224.2,224.2,0,224.2
12/2/2009,130.58,130.58,0,130.58
12/3/2009,236.07,236.07,0,236.07
12/4/2009,379.33,379.33,0,379.33
12/5/2009,262.02,262.02,0,262.02
12/6/2009,202.6,202.6,0,202.6
12/7/2009,135.76,135.76,0,135.76
12/8/2009,106.84,106.84,0,106.84
12/9/2009,217.64,217.64,0,217.64
12/10/2009,140.16,140.16,0,140.16
12/11/2009,295.45,295.45,0,295.45
12/12/2009,439.09,439.09,0,439.09
12/13/2009,285.06,285.06,0,285.06
12/14/2009,215.73,215.73,0,215.73
12/15/2009,200.2,200.2,0,200.2
12/16/2009,523.82,523.82,0,523.82
12/17/2009,196.03,196.03,0,196.03
12/18/2009,87.95,87.95,0,87.95
12/19/2009,,350.56,0,350.56
12/20/2009,53.87,53.87,0,53.87
12/21/2009,71.72,71.72,0,71.72
12/22/2009,241.27,241.27,0,241.27
12/23/2009,440.95,440.95,0,440.95
12/24/2009,340.57,340.57,0,340.57
12/25/2009,,254.24,0,254.24
12/26/2009,,350.56,0,350.56
12/27/2009,,180.51,0,180.51
12/28/2009,,141.07,0,141.07
12/29/2009,,182.77,0,182.77
12/30/2009,,394.14,0,394.14
12/31/2009,,225.59,0,225.59
1/1/2010,,212.55,0,212.55
1/2/2010,,380.07,0,380.07
1/3/2010,,173.15,0,173.15
1/4/2010,,142.84,0,142.84
1/5/2010,,208.08,0,208.08
1/6/2010,,452.97,0,452.97
1/7/2010,,254.06,0,254.06
1/8/2010,,184.91,0,184.91
1/9/2010,,360.39,0,360.39
1/10/2010,,135.84,0,135.84
1/11/2010,,118.54,0,118.54
1/12/2010,,210.71,0,210.71
1/13/2010,,429.35,0,429.35
1/14/2010,,273.41,0,273.41
1/15/2010,,217.23,0,217.23
1/16/2010,,363.67,0,363.67
1/17/2010,,163.17,0,163.17
1/18/2010,,170.56,0,170.56
1/19/2010,,193.95,0,193.95
1/20/2010,,349.05,0,349.05
1/21/2010,,268.98,0,268.98
1/22/2010,,234.03,0,234.03
1/23/2010,,320.97,0,320.97
1/24/2010,,167.59,0,167.59
1/25/2010,279.78,279.78,0,279.78
1/26/2010,174.26,174.26,0,174.26
1/27/2010,119.75,119.75,0,119.75
1/28/2010,322.86,322.86,0,322.86
1/29/2010,321.44,321.44,0,321.44
1/30/2010,179.74,179.74,0,179.74
1/31/2010,198.19,198.19,0,198.19
2/1/2010,68.74,68.74,0,68.74
2/2/2010,106.47,106.47,0,106.47
2/3/2010,194.43,194.43,0,194.43
2/4/2010,139.8,139.8,0,139.8
2/5/2010,,349.97,0,349.97
2/6/2010,243.62,243.62,0,243.62
2/7/2010,142.88,142.88,0,142.88
2/8/2010,154.4,154.4,0,154.4
2/9/2010,92.89,92.89,0,92.89
2/10/2010,139.88,139.88,0,139.88
2/11/2010,169.45,169.45,0,169.45
2/12/2010,494.45,494.45,0,494.45
2/13/2010,528.06,528.06,0,528.06
2/14/2010,431.99,431.99,0,431.99
2/15/2010,99.12,99.12,0,99.12
2/16/2010,69.77,69.77,0,69.77
2/17/2010,300,300,0,300
2/18/2010,176.64,176.64,0,176.64
2/19/2010,387.16,387.16,0,387.16
2/20/2010,707.06,707.06,0,707.06
2/21/2010,387.6,387.6,0,387.6
2/22/2010,171.3,171.3,0,171.3
2/23/2010,196.19,196.19,0,196.19
2/24/2010,148.05,148.05,0,148.05
2/25/2010,241.04,241.04,0,241.04
2/26/2010,307.88,307.88,0,307.88
2/27/2010,596.27,596.27,0,596.27
2/28/2010,230.29,230.29,0,230.29
3/1/2010,143.78,143.78,0,143.78
3/2/2010,108.66,108.66,0,108.66
3/3/2010,256.98,256.98,0,256.98
3/4/2010,162.57,162.57,0,162.57
3/5/2010,451.56,451.56,0,451.56
3/6/2010,761.43,761.43,0,761.43
3/7/2010,585.04,585.04,0,585.04
3/8/2010,417.5,417.5,0,417.5
3/9/2010,374.82,374.82,0,374.82
3/10/2010,440.74,440.74,0,440.74
3/11/2010,254.7,254.7,0,254.7
3/12/2010,470.19,470.19,0,470.19
3/13/2010,961.08,961.08,0,961.08
3/14/2010,411.66,411.66,0,411.66
3/15/2010,273.63,273.63,0,273.63
3/16/2010,470.1,470.1,0,470.1
3/17/2010,281.54,281.54,0,281.54
3/18/2010,640.48,640.48,0,640.48
3/19/2010,1088.57,1088.57,0,1088.57
3/20/2010,1672.21,1672.21,0,1672.21
3/21/2010,582.88,582.88,0,582.88
3/22/2010,327.28,327.28,0,327.28
3/23/2010,241.66,241.66,0,241.66
3/24/2010,306.33,306.33,0,306.33
3/25/2010,322.15,322.15,0,322.15
3/26/2010,536.54,536.54,0,536.54
3/27/2010,1012.33,1012.33,0,1012.33
3/28/2010,412.23,412.23,0,412.23
3/29/2010,333.35,333.35,0,333.35
3/30/2010,602.29,602.29,0,602.29
3/31/2010,704.87,704.87,0,704.87
4/1/2010,752.78,752.78,0,752.78
4/2/2010,1303.87,1303.87,0,1303.87
4/3/2010,1372.17,1372.17,0,1372.17
4/4/2010,,633.49,0,633.49
4/5/2010,700.7,700.7,0,700.7
4/6/2010,922.36,922.36,0,922.36
4/7/2010,804.97,804.97,0,804.97
4/8/2010,506.08,506.08,0,506.08
4/9/2010,1014.68,1014.68,0,1014.68
4/10/2010,1196.78,1196.78,0,1196.78
4/11/2010,780.09,780.09,0,780.09
4/12/2010,399.92,399.92,0,399.92
4/13/2010,252.74,252.74,0,252.74
4/14/2010,242.09,242.09,0,242.09
4/15/2010,530.23,530.23,0,530.23
4/16/2010,1098.97,1098.97,0,1098.97
4/17/2010,1111.77,1111.77,0,1111.77
4/18/2010,519.12,519.12,0,519.12
4/19/2010,362.12,362.12,0,362.12
4/20/2010,420.48,420.48,0,420.48
4/21/2010,438.22,438.22,0,438.22
4/22/2010,533.32,533.32,0,533.32
4/23/2010,896.9,896.9,0,896.9
4/24/2010,1037.59,1037.59,0,1037.59
4/25/2010,822.5,822.5,0,822.5
4/26/2010,325.87,325.87,0,325.87
4/27/2010,473.07,473.07,0,473.07
4/28/2010,338.97,338.97,0,338.97
4/29/2010,604.26,604.26,0,604.26
4/30/2010,1031.76,1031.76,0,1031.76
5/1/2010,1690.43,1690.43,0,1690.43
5/2/2010,753.03,753.03,0,753.03
5/3/2010,532.01,532.01,0,532.01
5/4/2010,516.38,516.38,0,516.38
5/5/2010,657,657,0,657
5/6/2010,620.63,620.63,0,620.63
5/7/2010,1101.19,1101.19,0,1101.19
5/8/2010,1066.69,1066.69,0,1066.69
5/9/2010,899.03,899.03,0,899.03
5/10/2010,489.91,489.91,0,489.91
5/11/2010,277.44,277.44,0,277.44
5/12/2010,534.3,534.3,0,534.3
5/13/2010,484.73,484.73,0,484.73
5/14/2010,929.19,929.19,0,929.19
5/15/2010,1492.38,1492.38,0,1492.38
5/16/2010,595.64,595.64,0,595.64
5/17/2010,248.45,248.45,0,248.45
5/18/2010,395.65,395.65,0,395.65
5/19/2010,452.25,452.25,0,452.25
5/20/2010,984.15,984.15,0,984.15
5/21/2010,919.42,919.42,0,919.42
5/22/2010,1340.77,1340.77,1,340.77
5/23/2010,796.5,796.5,0,796.5
5/24/2010,454.28,454.28,0,454.28
5/25/2010,499.95,499.95,0,499.95
5/26/2010,595.27,595.27,0,595.27
5/27/2010,667.84,667.84,0,667.84
5/28/2010,880.15,880.15,0,880.15
5/29/2010,1496.35,1496.35,0,1496.35
5/30/2010,1244.12,1244.12,0,1244.12
5/31/2010,773.08,773.08,0,773.08
6/1/2010,354.72,354.72,0,354.72
6/2/2010,607.03,607.03,0,607.03
6/3/2010,438.86,438.86,0,438.86
6/4/2010,1095.55,1095.55,0,1095.55
6/5/2010,935.46,935.46,0,935.46
6/6/2010,743.46,743.46,0,743.46
6/7/2010,566.87,566.87,0,566.87
6/8/2010,565.38,565.38,0,565.38
6/9/2010,546.06,546.06,0,546.06
6/10/2010,818.33,818.33,0,818.33
6/11/2010,1021.07,1021.07,0,1021.07
6/12/2010,1170.89,1170.89,0,1170.89
6/13/2010,725.84,725.84,0,725.84
6/14/2010,768.59,768.59,0,768.59
6/15/2010,608.45,608.45,0,608.45
6/16/2010,661.55,661.55,0,661.55
6/17/2010,732.27,732.27,0,732.27
6/18/2010,1299.59,1299.59,0,1299.59
6/19/2010,1514.9,1514.9,0,1514.9
6/20/2010,1175.73,1175.73,0,1175.73
6/21/2010,661.12,661.12,0,661.12
6/22/2010,474.39,474.39,0,474.39
6/23/2010,794.1,794.1,0,794.1
6/24/2010,721.56,721.56,0,721.56
6/25/2010,1627.12,1627.12,0,1627.12
6/26/2010,2123.01,2123.01,0,2123.01
6/27/2010,1808.33,1808.33,0,1808.33
6/28/2010,547.1,547.1,0,547.1
6/29/2010,651.68,651.68,0,651.68
6/30/2010,812.38,812.38,0,812.38
7/1/2010,981.9,981.9,0,981.9
7/2/2010,1039.76,1039.76,0,1039.76
7/3/2010,1737.13,1737.13,0,1737.13
7/4/2010,1043.38,1043.38,0,1043.38
7/5/2010,930.4,930.4,0,930.4
7/6/2010,833.66,833.66,0,833.66
7/7/2010,765.58,765.58,0,765.58
7/8/2010,1237.93,1237.93,0,1237.93
7/9/2010,1209.91,1209.91,0,1209.91
7/10/2010,1668.99,1668.99,0,1668.99
7/11/2010,1067.21,1067.21,0,1067.21
7/12/2010,351.1,351.1,0,351.1
7/13/2010,514.44,514.44,0,514.44
7/14/2010,863.81,863.81,0,863.81
7/15/2010,943.59,943.59,0,943.59
7/16/2010,1054.42,1054.42,0,1054.42
7/17/2010,1661.13,1661.13,0,1661.13
7/18/2010,933.41,933.41,0,933.41
7/19/2010,633.79,633.79,0,633.79
7/20/2010,663.55,663.55,0,663.55
7/21/2010,796.9,796.9,0,796.9
7/22/2010,673.59,673.59,0,673.59
7/23/2010,1228.84,1228.84,0,1228.84
7/24/2010,1158.53,1158.53,0,1158.53
7/25/2010,852.32,852.32,0,852.32
7/26/2010,617.78,617.78,0,617.78
7/27/2010,689.37,689.37,0,689.37
7/28/2010,767.43,767.43,0,767.43
7/29/2010,563.22,563.22,0,563.22
7/30/2010,1150.8,1150.8,0,1150.8
7/31/2010,1053.67,1053.67,0,1053.67
8/1/2010,771.78,771.78,0,771.78
8/2/2010,581.55,581.55,0,581.55
8/3/2010,583.6,583.6,0,583.6
8/4/2010,564.36,564.36,0,564.36
8/5/2010,612.93,612.93,0,612.93
8/6/2010,1440.98,1440.98,0,1440.98
8/7/2010,1358.01,1358.01,0,1358.01
8/8/2010,1016.56,1016.56,0,1016.56
8/9/2010,609.51,609.51,0,609.51
8/10/2010,608.72,608.72,0,608.72
8/11/2010,872.18,872.18,0,872.18
8/12/2010,717.32,717.32,0,717.32
8/13/2010,1022.66,1022.66,0,1022.66
8/14/2010,1288.15,1288.15,0,1288.15
8/15/2010,925.54,925.54,0,925.54
8/16/2010,597.97,597.97,0,597.97
8/17/2010,631.54,631.54,0,631.54
8/18/2010,471.14,471.14,0,471.14
8/19/2010,545.16,545.16,0,545.16
8/20/2010,1426.78,1426.78,0,1426.78
8/21/2010,1452.34,1452.34,0,1452.34
8/22/2010,1053.28,1053.28,0,1053.28
8/23/2010,461.25,461.25,0,461.25
8/24/2010,364.92,364.92,0,364.92
8/25/2010,694.94,694.94,0,694.94
8/26/2010,915.36,915.36,0,915.36
8/27/2010,1091.41,1091.41,0,1091.41
8/28/2010,1497.96,1497.96,0,1497.96
8/29/2010,943.48,943.48,0,943.48
8/30/2010,549.48,549.48,0,549.48
8/31/2010,452.26,452.26,0,452.26
9/1/2010,665.6,665.6,0,665.6
9/2/2010,719.81,719.81,0,719.81
9/3/2010,996.68,996.68,0,996.68
9/4/2010,2316.95,2316.95,1,1316.95
9/5/2010,1313.1,1313.1,0,1313.1
9/6/2010,864.16,864.16,0,864.16
9/7/2010,396.38,396.38,0,396.38
9/8/2010,589.14,589.14,0,589.14
9/9/2010,440.17,440.17,0,440.17
9/10/2010,919.54,919.54,0,919.54
9/11/2010,1026.7,1026.7,0,1026.7
9/12/2010,805.17,805.17,0,805.17
9/13/2010,418.16,418.16,0,418.16
9/14/2010,384.26,384.26,0,384.26
9/15/2010,388.5,388.5,0,388.5
9/16/2010,409.33,409.33,0,409.33
9/17/2010,936.91,936.91,0,936.91
9/18/2010,1434.86,1434.86,0,1434.86
9/19/2010,681.63,681.63,0,681.63
9/20/2010,180.98,180.98,0,180.98
9/21/2010,328.5,328.5,0,328.5
9/22/2010,453.21,453.21,0,453.21
9/23/2010,608.52,608.52,0,608.52
9/24/2010,1003.12,1003.12,0,1003.12
9/25/2010,1410.74,1410.74,0,1410.74
9/26/2010,311.69,311.69,0,311.69
9/27/2010,305.46,305.46,0,305.46
9/28/2010,254.49,254.49,0,254.49
9/29/2010,117.52,117.52,0,117.52
9/30/2010,309.08,309.08,0,309.08
10/1/2010,615.08,615.08,0,615.08
10/2/2010,1299.17,1299.17,0,1299.17
10/3/2010,584.35,584.35,0,584.35
10/4/2010,431.91,431.91,0,431.91
10/5/2010,181.48,181.48,0,181.48
10/6/2010,342.54,342.54,0,342.54
10/7/2010,335.3,335.3,0,335.3
10/8/2010,871.22,871.22,0,871.22
10/9/2010,1672.01,1672.01,0,1672.01
10/10/2010,869.89,869.89,0,869.89
10/11/2010,559.35,559.35,0,559.35
10/12/2010,449.35,449.35,0,449.35
10/13/2010,423.04,423.04,0,423.04
10/14/2010,427.69,427.69,0,427.69
10/15/2010,410.75,410.75,0,410.75
10/16/2010,1039.29,1039.29,0,1039.29
10/17/2010,636.54,636.54,0,636.54
10/18/2010,351.81,351.81,0,351.81
10/19/2010,265.31,265.31,0,265.31
10/20/2010,316.09,316.09,0,316.09
10/21/2010,400.21,400.21,0,400.21
10/22/2010,640.94,640.94,0,640.94
10/23/2010,1173.77,1173.77,0,1173.77
10/24/2010,648.43,648.43,0,648.43
10/25/2010,316.63,316.63,0,316.63
10/26/2010,397.08,397.08,0,397.08
10/27/2010,308.95,308.95,0,308.95
10/28/2010,325.88,325.88,0,325.88
10/29/2010,506.8,506.8,0,506.8
10/30/2010,714.34,714.34,0,714.34
10/31/2010,366.63,366.63,0,366.63
11/1/2010,125.62,125.62,0,125.62
11/2/2010,216.73,216.73,0,216.73
11/3/2010,228.02,228.02,0,228.02
11/4/2010,321.03,321.03,0,321.03
11/5/2010,544.54,544.54,0,544.54
11/6/2010,510.14,510.14,0,510.14
11/7/2010,399.05,399.05,0,399.05
11/8/2010,172.4,172.4,0,172.4
11/9/2010,247.02,247.02,0,247.02
11/10/2010,258.7,258.7,0,258.7
11/11/2010,426.31,426.31,0,426.31
11/12/2010,556.5,556.5,0,556.5
11/13/2010,686.39,686.39,0,686.39
11/14/2010,498.46,498.46,0,498.46
11/15/2010,262.94,262.94,0,262.94
11/16/2010,137.89,137.89,0,137.89
11/17/2010,169.54,169.54,0,169.54
11/18/2010,192.05,192.05,0,192.05
11/19/2010,549.86,549.86,0,549.86
11/20/2010,742.14,742.14,0,742.14
11/21/2010,439.91,439.91,0,439.91
11/22/2010,187.73,187.73,0,187.73
11/23/2010,410.82,410.82,0,410.82
11/24/2010,295.42,295.42,0,295.42
11/25/2010,,307.37,0,307.37
11/26/2010,480.07,480.07,0,480.07
11/27/2010,383.54,383.54,0,383.54
11/28/2010,268.55,268.55,0,268.55
11/29/2010,326.08,326.08,0,326.08
11/30/2010,133.78,133.78,0,133.78
12/1/2010,322.32,322.32,0,322.32
12/2/2010,290.08,290.08,0,290.08
12/3/2010,415.58,415.58,0,415.58
12/4/2010,417.28,417.28,0,417.28
12/5/2010,177.95,177.95,0,177.95
12/6/2010,109.09,109.09,0,109.09
12/7/2010,152.41,152.41,0,152.41
12/8/2010,123.32,123.32,0,123.32
12/9/2010,272.04,272.04,0,272.04
12/10/2010,257.34,257.34,0,257.34
12/11/2010,547.65,547.65,0,547.65
12/12/2010,151.91,151.91,0,151.91
12/13/2010,103.41,103.41,0,103.41
12/14/2010,84.83,84.83,0,84.83
12/15/2010,134.95,134.95,0,134.95
12/16/2010,78.42,78.42,0,78.42
12/17/2010,248.93,248.93,0,248.93
12/18/2010,454.74,454.74,0,454.74
12/19/2010,203.76,203.76,0,203.76
12/20/2010,212.81,212.81,0,212.81
12/21/2010,305.89,305.89,0,305.89
12/22/2010,361.4,361.4,0,361.4
12/23/2010,604.6,604.6,0,604.6
12/24/2010,122.5,122.5,0,122.5
12/25/2010,,473.22,0,473.22
12/26/2010,188.56,188.56,0,188.56
12/27/2010,182.43,182.43,0,182.43
12/28/2010,292.3,292.3,0,292.3
12/29/2010,307.93,307.93,0,307.93
12/30/2010,367.91,367.91,0,367.91
12/31/2010,,261.09,0,261.09
1/1/2011,,473.22,0,473.22
1/2/2011,,180.55,0,180.55
1/3/2011,,151.94,0,151.94
1/4/2011,,208.86,0,208.86
1/5/2011,,231.9,0,231.9
1/6/2011,,330.74,0,330.74
1/7/2011,,222.46,0,222.46
1/8/2011,,487.21,0,487.21
1/9/2011,,181.19,0,181.19
1/10/2011,,162.65,0,162.65
1/11/2011,,222.97,0,222.97
1/12/2011,,259.05,0,259.05
1/13/2011,,345.42,0,345.42
1/14/2011,,213.75,0,213.75
1/15/2011,,472.1,0,472.1
1/16/2011,,188.51,0,188.51
1/17/2011,,177.46,0,177.46
1/18/2011,,257.5,0,257.5
1/19/2011,,290.07,0,290.07
1/20/2011,,412.17,0,412.17
1/21/2011,,204.95,0,204.95
1/22/2011,,476.44,0,476.44
1/23/2011,,184.7,0,184.7
1/24/2011,,168.62,0,168.62
1/25/2011,,251.75,0,251.75
1/26/2011,,247.87,0,247.87
1/27/2011,,331.71,0,331.71
1/28/2011,,272.22,0,272.22
1/29/2011,,524.11,0,524.11
1/30/2011,,208.29,0,208.29
1/31/2011,,168.65,0,168.65
2/1/2011,317.66,317.66,0,317.66
2/2/2011,210.45,210.45,0,210.45
2/3/2011,238.53,238.53,0,238.53
2/4/2011,447.73,447.73,0,447.73
2/5/2011,660.71,660.71,0,660.71
2/6/2011,278.76,278.76,0,278.76
2/7/2011,165.9,165.9,0,165.9
2/8/2011,254.17,254.17,0,254.17
2/9/2011,143.98,143.98,0,143.98
2/10/2011,250.04,250.04,0,250.04
2/11/2011,432.68,432.68,0,432.68
2/12/2011,834.84,834.84,0,834.84
2/13/2011,456.42,456.42,0,456.42
2/14/2011,355.4,355.4,0,355.4
2/15/2011,175.96,175.96,0,175.96
2/16/2011,269.92,269.92,0,269.92
2/17/2011,402.16,402.16,0,402.16
2/18/2011,812.7,812.7,0,812.7
2/19/2011,851.56,851.56,0,851.56
2/20/2011,599.18,599.18,0,599.18
2/21/2011,321.75,321.75,0,321.75
2/22/2011,210.03,210.03,0,210.03
2/23/2011,172.01,172.01,0,172.01
2/24/2011,228.09,228.09,0,228.09
2/25/2011,357.41,357.41,0,357.41
2/26/2011,768.9,768.9,0,768.9
2/27/2011,674.22,674.22,0,674.22
2/28/2011,140.73,140.73,0,140.73
3/1/2011,257.84,257.84,0,257.84
3/2/2011,428.25,428.25,0,428.25
3/3/2011,484.63,484.63,0,484.63
3/4/2011,531,531,0,531
3/5/2011,821.09,821.09,0,821.09
3/6/2011,269,269,0,269
3/7/2011,227.51,227.51,0,227.51
3/8/2011,288.8,288.8,0,288.8
3/9/2011,171.87,171.87,0,171.87
3/10/2011,213.88,213.88,0,213.88
3/11/2011,383.33,383.33,0,383.33
3/12/2011,1024.23,1024.23,0,1024.23
3/13/2011,774.87,774.87,0,774.87
3/14/2011,324.39,324.39,0,324.39
3/15/2011,235.55,235.55,0,235.55
3/16/2011,303.66,303.66,0,303.66
3/17/2011,421.13,421.13,0,421.13
3/18/2011,1030.67,1030.67,0,1030.67
3/19/2011,1435.37,1435.37,0,1435.37
3/20/2011,443.26,443.26,0,443.26
3/21/2011,441.6,441.6,0,441.6
3/22/2011,361.41,361.41,0,361.41
3/23/2011,266.91,266.91,0,266.91
3/24/2011,295.53,295.53,0,295.53
3/25/2011,501.73,501.73,0,501.73
3/26/2011,804.6,804.6,0,804.6
3/27/2011,230.93,230.93,0,230.93
3/28/2011,298.33,298.33,0,298.33
3/29/2011,331.9,331.9,0,331.9
3/30/2011,120.41,120.41,0,120.41
3/31/2011,369.71,369.71,0,369.71
4/1/2011,626.31,626.31,0,626.31
4/2/2011,755.73,755.73,0,755.73
4/3/2011,966.66,966.66,0,966.66
4/4/2011,556.67,556.67,0,556.67
4/5/2011,268.56,268.56,0,268.56
4/6/2011,693.12,693.12,0,693.12
4/7/2011,809.57,809.57,0,809.57
4/8/2011,556.37,556.37,0,556.37
4/9/2011,896.77,896.77,0,896.77
4/10/2011,940.95,940.95,0,940.95
4/11/2011,437.07,437.07,0,437.07
4/12/2011,208.81,208.81,0,208.81
4/13/2011,550.2,550.2,0,550.2
4/14/2011,818.36,818.36,0,818.36
4/15/2011,998.47,998.47,0,998.47
4/16/2011,1227.11,1227.11,0,1227.11
4/17/2011,844.31,844.31,0,844.31
4/18/2011,741.76,741.76,0,741.76
4/19/2011,720.17,720.17,0,720.17
4/20/2011,822.75,822.75,0,822.75
4/21/2011,1106.89,1106.89,0,1106.89
4/22/2011,568.56,568.56,0,568.56
4/23/2011,1456.47,1456.47,0,1456.47
4/24/2011,674.46,674.46,0,674.46
4/25/2011,758.56,758.56,0,758.56
4/26/2011,491.92,491.92,0,491.92
4/27/2011,577.9,577.9,0,577.9
4/28/2011,708.61,708.61,0,708.61
4/29/2011,903.2,903.2,0,903.2
4/30/2011,1380.11,1380.11,0,1380.11
5/1/2011,559.56,559.56,0,559.56
5/2/2011,625.1,625.1,0,625.1
5/3/2011,493.69,493.69,0,493.69
5/4/2011,577.9,577.9,0,577.9
5/5/2011,601.84,601.84,0,601.84
5/6/2011,878.33,878.33,0,878.33
5/7/2011,1301.08,1301.08,0,1301.08
5/8/2011,909.57,909.57,0,909.57
5/9/2011,407.11,407.11,0,407.11
5/10/2011,577.19,577.19,0,577.19
5/11/2011,553.32,553.32,0,553.32
5/12/2011,653.54,653.54,0,653.54
5/13/2011,429.86,429.86,0,429.86
5/14/2011,1248.89,1248.89,0,1248.89
5/15/2011,1055.1,1055.1,0,1055.1
5/16/2011,800.39,800.39,0,800.39
5/17/2011,486.91,486.91,0,486.91
5/18/2011,784.53,784.53,0,784.53
5/19/2011,836.62,836.62,0,836.62
5/20/2011,1154.08,1154.08,0,1154.08
5/21/2011,2821.6,2821.6,1,1821.6
5/22/2011,1153.13,1153.13,0,1153.13
5/23/2011,642.49,642.49,0,642.49
5/24/2011,550.73,550.73,0,550.73
5/25/2011,711.17,711.17,0,711.17
5/26/2011,987.76,987.76,0,987.76
5/27/2011,817.85,817.85,0,817.85
5/28/2011,1819.62,1819.62,0,1819.62
5/29/2011,1517.98,1517.98,0,1517.98
5/30/2011,764.4,764.4,0,764.4
5/31/2011,723.79,723.79,0,723.79
6/1/2011,973.4,973.4,0,973.4
6/2/2011,819.94,819.94,0,819.94
6/3/2011,1095.23,1095.23,0,1095.23
6/4/2011,1557.87,1557.87,0,1557.87
6/5/2011,1012.68,1012.68,0,1012.68
6/6/2011,789.01,789.01,0,789.01
6/7/2011,775.33,775.33,0,775.33
6/8/2011,798.24,798.24,0,798.24
6/9/2011,764.69,764.69,0,764.69
6/10/2011,1432.41,1432.41,0,1432.41
6/11/2011,1501.45,1501.45,0,1501.45
6/12/2011,916.62,916.62,0,916.62
6/13/2011,656.78,656.78,0,656.78
6/14/2011,758.54,758.54,0,758.54
6/15/2011,867.01,867.01,0,867.01
6/16/2011,763.71,763.71,0,763.71
6/17/2011,1097.14,1097.14,0,1097.14
6/18/2011,1488.85,1488.85,0,1488.85
6/19/2011,1233.19,1233.19,0,1233.19
6/20/2011,566,566,0,566
6/21/2011,667.76,667.76,0,667.76
6/22/2011,1094.65,1094.65,0,1094.65
6/23/2011,1217.89,1217.89,0,1217.89
6/24/2011,1560.81,1560.81,0,1560.81
6/25/2011,1752.81,1752.81,0,1752.81
6/26/2011,1024.9,1024.9,0,1024.9
6/27/2011,882.53,882.53,0,882.53
6/28/2011,667.35,667.35,0,667.35
6/29/2011,881.71,881.71,0,881.71
6/30/2011,753.35,753.35,0,753.35
7/1/2011,1292.24,1292.24,0,1292.24
7/2/2011,1622.88,1622.88,0,1622.88
7/3/2011,1274.73,1274.73,0,1274.73
7/4/2011,968.96,968.96,0,968.96
7/5/2011,715.5,715.5,0,715.5
7/6/2011,882.24,882.24,0,882.24
7/7/2011,890.14,890.14,0,890.14
7/8/2011,1641.02,1641.02,0,1641.02
7/9/2011,1846.59,1846.59,0,1846.59
7/10/2011,1284.55,1284.55,0,1284.55
7/11/2011,701.04,701.04,0,701.04
7/12/2011,813.68,813.68,0,813.68
7/13/2011,810.02,810.02,0,810.02
7/14/2011,864.72,864.72,0,864.72
7/15/2011,1318.53,1318.53,0,1318.53
7/16/2011,1346.09,1346.09,0,1346.09
7/17/2011,1044.08,1044.08,0,1044.08
7/18/2011,871.2,871.2,0,871.2
7/19/2011,731.41,731.41,0,731.41
7/20/2011,1019.77,1019.77,0,1019.77
7/21/2011,951.1,951.1,0,951.1
7/22/2011,1367.29,1367.29,0,1367.29
7/23/2011,1575.49,1575.49,0,1575.49
7/24/2011,781.5,781.5,0,781.5
7/25/2011,761.25,761.25,0,761.25
7/26/2011,800.75,800.75,0,800.75
7/27/2011,778.96,778.96,0,778.96
7/28/2011,885.39,885.39,0,885.39
7/29/2011,1386.3,1386.3,0,1386.3
7/30/2011,1283.42,1283.42,0,1283.42
7/31/2011,773.34,773.34,0,773.34
8/1/2011,862.21,862.21,0,862.21
8/2/2011,813.76,813.76,0,813.76
8/3/2011,817.94,817.94,0,817.94
8/4/2011,1056.17,1056.17,0,1056.17
8/5/2011,1105.68,1105.68,0,1105.68
8/6/2011,1408.73,1408.73,0,1408.73
8/7/2011,1180.33,1180.33,0,1180.33
8/8/2011,826.6,826.6,0,826.6
8/9/2011,639.76,639.76,0,639.76
8/10/2011,882.01,882.01,0,882.01
8/11/2011,738.88,738.88,0,738.88
8/12/2011,1330.84,1330.84,0,1330.84
8/13/2011,1026.11,1026.11,0,1026.11
8/14/2011,1132.4,1132.4,0,1132.4
8/15/2011,832.85,832.85,0,832.85
8/16/2011,747.45,747.45,0,747.45
8/17/2011,786.79,786.79,0,786.79
8/18/2011,732.15,732.15,0,732.15
8/19/2011,1085.44,1085.44,0,1085.44
8/20/2011,1370.57,1370.57,0,1370.57
8/21/2011,925.81,925.81,0,925.81
8/22/2011,730.34,730.34,0,730.34
8/23/2011,922.05,922.05,0,922.05
8/24/2011,751.06,751.06,0,751.06
8/25/2011,750.41,750.41,0,750.41
8/26/2011,1467.31,1467.31,0,1467.31
8/27/2011,1290.24,1290.24,0,1290.24
8/28/2011,1636.94,1636.94,0,1636.94
8/29/2011,434.09,434.09,0,434.09
8/30/2011,582.56,582.56,0,582.56
8/31/2011,538.52,538.52,0,538.52
9/1/2011,412.63,412.63,0,412.63
9/2/2011,1100.31,1100.31,0,1100.31
9/3/2011,2427.94,2427.94,1,1427.94
9/4/2011,1337.21,1337.21,0,1337.21
9/5/2011,381.67,381.67,0,381.67
9/6/2011,103.05,103.05,0,103.05
9/7/2011,510.43,510.43,0,510.43
9/8/2011,544.02,544.02,0,544.02
9/9/2011,1259.26,1259.26,0,1259.26
9/10/2011,1324.76,1324.76,0,1324.76
9/11/2011,768.59,768.59,0,768.59
9/12/2011,338.82,338.82,0,338.82
9/13/2011,524.83,524.83,0,524.83
9/14/2011,418.09,418.09,0,418.09
9/15/2011,346.04,346.04,0,346.04
9/16/2011,488.46,488.46,0,488.46
9/17/2011,1036.26,1036.26,0,1036.26
9/18/2011,687.84,687.84,0,687.84
9/19/2011,280.72,280.72,0,280.72
9/20/2011,323.3,323.3,0,323.3
9/21/2011,331.96,331.96,0,331.96
9/22/2011,588.49,588.49,0,588.49
9/23/2011,930.9,930.9,0,930.9
9/24/2011,1134.87,1134.87,0,1134.87
9/25/2011,721.89,721.89,0,721.89
9/26/2011,358.38,358.38,0,358.38
9/27/2011,384.51,384.51,0,384.51
9/28/2011,356.74,356.74,0,356.74
9/29/2011,445.83,445.83,0,445.83
9/30/2011,805.58,805.58,0,805.58
10/1/2011,751.85,751.85,0,751.85
10/2/2011,399.6,399.6,0,399.6
10/3/2011,263.37,263.37,0,263.37
10/4/2011,342.06,342.06,0,342.06
10/5/2011,528.26,528.26,0,528.26
10/6/2011,504.65,504.65,0,504.65
10/7/2011,1055.45,1055.45,0,1055.45
10/8/2011,1671.55,1671.55,0,1671.55
10/9/2011,1058.72,1058.72,0,1058.72
10/10/2011,,364.53,0,364.53
10/11/2011,741.32,741.32,0,741.32
10/12/2011,390.16,390.16,0,390.16
10/13/2011,402.92,402.92,0,402.92
10/14/2011,770.99,770.99,0,770.99
10/15/2011,1248.29,1248.29,0,1248.29
10/16/2011,637.86,637.86,0,637.86
10/17/2011,502.87,502.87,0,502.87
10/18/2011,454.44,454.44,0,454.44
10/19/2011,385.59,385.59,0,385.59
10/20/2011,376.28,376.28,0,376.28
10/21/2011,728.54,728.54,0,728.54
10/22/2011,1368.21,1368.21,0,1368.21
10/23/2011,680.69,680.69,0,680.69
10/24/2011,411.92,411.92,0,411.92
10/25/2011,357.06,357.06,0,357.06
10/26/2011,490.02,490.02,0,490.02
10/27/2011,653.98,653.98,0,653.98
10/28/2011,456.3,456.3,0,456.3
10/29/2011,567.46,567.46,0,567.46
10/30/2011,481.23,481.23,0,481.23
10/31/2011,286.11,286.11,0,286.11
11/1/2011,245.6,245.6,0,245.6
11/2/2011,306.51,306.51,0,306.51
11/3/2011,437.57,437.57,0,437.57
11/4/2011,650.33,650.33,0,650.33
11/5/2011,1063.96,1063.96,0,1063.96
11/6/2011,447.55,447.55,0,447.55
11/7/2011,232.14,232.14,0,232.14
11/8/2011,455.81,455.81,0,455.81
11/9/2011,283.33,283.33,0,283.33
11/10/2011,310.09,310.09,0,310.09
11/11/2011,721.18,721.18,0,721.18
11/12/2011,1142.58,1142.58,0,1142.58
11/13/2011,487.41,487.41,0,487.41
11/14/2011,354.98,354.98,0,354.98
11/15/2011,125.91,125.91,0,125.91
11/16/2011,329.1,329.1,0,329.1
11/17/2011,212.57,212.57,0,212.57
11/18/2011,521.07,521.07,0,521.07
11/19/2011,1074.53,1074.53,0,1074.53
11/20/2011,520.51,520.51,0,520.51
11/21/2011,351.14,351.14,0,351.14
11/22/2011,447.61,447.61,0,447.61
11/23/2011,587.38,587.38,0,587.38
11/24/2011,,333.54,0,333.54
11/25/2011,927.29,927.29,0,927.29
11/26/2011,892.81,892.81,0,892.81
11/27/2011,447.67,447.67,0,447.67
11/28/2011,741.77,741.77,0,741.77
11/29/2011,246.09,246.09,0,246.09
11/30/2011,364.23,364.23,0,364.23
12/1/2011,373.91,373.91,0,373.91
12/2/2011,552.97,552.97,0,552.97
12/3/2011,614.16,614.16,0,614.16
12/4/2011,300.43,300.43,0,300.43
12/5/2011,262.92,262.92,0,262.92
12/6/2011,331.68,331.68,0,331.68
12/7/2011,149.66,149.66,0,149.66
12/8/2011,278.48,278.48,0,278.48
12/9/2011,647.02,647.02,0,647.02
12/10/2011,699.27,699.27,0,699.27
12/11/2011,325.68,325.68,0,325.68
12/12/2011,233.8,233.8,0,233.8
12/13/2011,214.46,214.46,0,214.46
12/14/2011,355.64,355.64,0,355.64
12/15/2011,365.35,365.35,0,365.35
12/16/2011,449.77,449.77,0,449.77
12/17/2011,786.7,786.7,0,786.7
12/18/2011,373.33,373.33,0,373.33
12/19/2011,417.23,417.23,0,417.23
12/20/2011,524.79,524.79,0,524.79
12/21/2011,408.19,408.19,0,408.19
12/22/2011,668.33,668.33,0,668.33
12/23/2011,674.18,674.18,0,674.18
12/24/2011,274.34,274.34,0,274.34
12/25/2011,,333.15,0,333.15
12/26/2011,271.48,271.48,0,271.48
12/27/2011,467.14,467.14,0,467.14
12/28/2011,467.16,467.16,0,467.16
12/29/2011,462.71,462.71,0,462.71
12/30/2011,725.18,725.18,0,725.18
12/31/2011,,593.62,0,593.62
1/1/2012,,333.15,0,333.15
1/2/2012,,296.36,0,296.36
1/3/2012,,384.52,0,384.52
1/4/2012,,345.16,0,345.16
1/5/2012,,443.72,0,443.72
1/6/2012,,624.04,0,624.04
1/7/2012,,588.48,0,588.48
1/8/2012,,341.33,0,341.33
1/9/2012,,304.72,0,304.72
1/10/2012,,397.73,0,397.73
1/11/2012,,394.04,0,394.04
1/12/2012,,421.76,0,421.76
1/13/2012,,577.85,0,577.85
1/14/2012,,511.95,0,511.95
1/15/2012,,318.54,0,318.54
1/16/2012,,229.85,0,229.85
1/17/2012,,363.53,0,363.53
1/18/2012,,385.74,0,385.74
1/19/2012,236.22,236.22,0,236.22
1/20/2012,422.9,422.9,0,422.9
1/21/2012,506.98,506.98,0,506.98
1/22/2012,153.87,153.87,0,153.87
1/23/2012,169.19,169.19,0,169.19
1/24/2012,288.89,288.89,0,288.89
1/25/2012,322.02,322.02,0,322.02
1/26/2012,297.84,297.84,0,297.84
1/27/2012,442.93,442.93,0,442.93
1/28/2012,596.35,596.35,0,596.35
1/29/2012,431.23,431.23,0,431.23
1/30/2012,107.51,107.51,0,107.51
1/31/2012,279.37,279.37,0,279.37
2/1/2012,400.32,400.32,0,400.32
2/2/2012,406.04,406.04,0,406.04
2/3/2012,789.39,789.39,0,789.39
2/4/2012,628.19,628.19,0,628.19
2/5/2012,179.54,179.54,0,179.54
2/6/2012,127.71,127.71,0,127.71
2/7/2012,174.97,174.97,0,174.97
2/8/2012,598.79,598.79,0,598.79
2/9/2012,361.71,361.71,0,361.71
2/10/2012,619.66,619.66,0,619.66
2/11/2012,609.71,609.71,0,609.71
2/12/2012,400.61,400.61,0,400.61
2/13/2012,217.44,217.44,0,217.44
2/14/2012,402.5,402.5,0,402.5
2/15/2012,339.05,339.05,0,339.05
2/16/2012,238.58,238.58,0,238.58
2/17/2012,671.43,671.43,0,671.43
2/18/2012,1369.58,1369.58,0,1369.58
2/19/2012,379.6,379.6,0,379.6
2/20/2012,359.39,359.39,0,359.39
2/21/2012,283.21,283.21,0,283.21
2/22/2012,389.99,389.99,0,389.99
2/23/2012,329.81,329.81,0,329.81
2/24/2012,513.54,513.54,0,513.54
2/25/2012,542.15,542.15,0,542.15
2/26/2012,510.7,510.7,0,510.7
2/27/2012,363.32,363.32,0,363.32
2/28/2012,365.17,365.17,0,365.17
2/29/2012,305.82,305.82,0,305.82
3/1/2012,572.05,572.05,0,572.05
3/2/2012,530.37,530.37,0,530.37
3/3/2012,836.76,836.76,0,836.76
3/4/2012,514.78,514.78,0,514.78
3/5/2012,148.76,148.76,0,148.76
3/6/2012,333.1,333.1,0,333.1
3/7/2012,435.77,435.77,0,435.77
3/8/2012,398.55,398.55,0,398.55
3/9/2012,646.49,646.49,0,646.49
3/10/2012,1124.94,1124.94,0,1124.94
3/11/2012,728.22,728.22,0,728.22
3/12/2012,508.61,508.61,0,508.61
3/13/2012,646.89,646.89,0,646.89
3/14/2012,752.66,752.66,0,752.66
3/15/2012,818.16,818.16,0,818.16
3/16/2012,846.93,846.93,0,846.93
3/17/2012,1639.39,1639.39,0,1639.39
3/18/2012,1045.02,1045.02,0,1045.02
3/19/2012,554,554,0,554
3/20/2012,420.09,420.09,0,420.09
3/21/2012,489.19,489.19,0,489.19
3/22/2012,802.15,802.15,0,802.15
3/23/2012,1365.7,1365.7,0,1365.7
3/24/2012,1090.03,1090.03,0,1090.03
3/25/2012,616.09,616.09,0,616.09
3/26/2012,504.87,504.87,0,504.87
3/27/2012,366.02,366.02,0,366.02
3/28/2012,563,563,0,563
3/29/2012,596.94,596.94,0,596.94
3/30/2012,966.78,966.78,0,966.78
3/31/2012,1516.82,1516.82,0,1516.82
4/1/2012,926.19,926.19,0,926.19
4/2/2012,599.72,599.72,0,599.72
4/3/2012,727.15,727.15,0,727.15
4/4/2012,916.51,916.51,0,916.51
4/5/2012,724.68,724.68,0,724.68
4/6/2012,947.7,947.7,0,947.7
4/7/2012,1336.2,1336.2,0,1336.2
4/8/2012,446.35,446.35,0,446.35
4/9/2012,574.4,574.4,0,574.4
4/10/2012,448.42,448.42,0,448.42
4/11/2012,370.56,370.56,0,370.56
4/12/2012,648.8,648.8,0,648.8
4/13/2012,1014.84,1014.84,0,1014.84
4/14/2012,1311.82,1311.82,0,1311.82
4/15/2012,795.97,795.97,0,795.97
4/16/2012,648.17,648.17,0,648.17
4/17/2012,703.01,703.01,0,703.01
4/18/2012,382.61,382.61,0,382.61
4/19/2012,511.2,511.2,0,511.2
4/20/2012,1076.63,1076.63,0,1076.63
4/21/2012,1018.01,1018.01,0,1018.01
4/22/2012,407.7,407.7,0,407.7
4/23/2012,308.19,308.19,0,308.19
4/24/2012,433.63,433.63,0,433.63
4/25/2012,774.92,774.92,0,774.92
4/26/2012,583.74,583.74,0,583.74
4/27/2012,1011.64,1011.64,0,1011.64
4/28/2012,1131.78,1131.78,0,1131.78
4/29/2012,829.94,829.94,0,829.94
4/30/2012,470.54,470.54,0,470.54
5/1/2012,732.55,732.55,0,732.55
5/2/2012,955.67,955.67,0,955.67
5/3/2012,610.4,610.4,0,610.4
5/4/2012,1296.42,1296.42,0,1296.42
5/5/2012,1007.3,1007.3,0,1007.3
5/6/2012,831.48,831.48,0,831.48
5/7/2012,356.39,356.39,0,356.39
5/8/2012,371.27,371.27,0,371.27
5/9/2012,415.52,415.52,0,415.52
5/10/2012,789.99,789.99,0,789.99
5/11/2012,1024.1,1024.1,0,1024.1
5/12/2012,1598.93,1598.93,0,1598.93
5/13/2012,1506.27,1506.27,0,1506.27
5/14/2012,385.27,385.27,0,385.27
5/15/2012,738.61,738.61,0,738.61
5/16/2012,1065.09,1065.09,0,1065.09
5/17/2012,949.3,949.3,0,949.3
5/18/2012,1699.1,1699.1,0,1699.1
5/19/2012,3048.8,3048.8,1,2048.8
5/20/2012,1212.32,1212.32,0,1212.32
5/21/2012,620.41,620.41,0,620.41
5/22/2012,563.01,563.01,0,563.01
5/23/2012,768.11,768.11,0,768.11
5/24/2012,540.04,540.04,0,540.04
5/25/2012,1371.27,1371.27,0,1371.27
5/26/2012,1608.31,1608.31,0,1608.31
5/27/2012,1180.6,1180.6,0,1180.6
5/28/2012,1199.79,1199.79,0,1199.79
5/29/2012,358.38,358.38,0,358.38
5/30/2012,1301.64,1301.64,0,1301.64
5/31/2012,1151.74,1151.74,0,1151.74
6/1/2012,877.48,877.48,0,877.48
6/2/2012,1430.48,1430.48,0,1430.48
6/3/2012,905.22,905.22,0,905.22
6/4/2012,860.89,860.89,0,860.89
6/5/2012,331.12,331.12,0,331.12
6/6/2012,486.75,486.75,0,486.75
6/7/2012,958.62,958.62,0,958.62
6/8/2012,1124.8,1124.8,0,1124.8
6/9/2012,1217.69,1217.69,0,1217.69
6/10/2012,856.83,856.83,0,856.83
6/11/2012,659.26,659.26,0,659.26
6/12/2012,555.97,555.97,0,555.97
6/13/2012,732.17,732.17,0,732.17
6/14/2012,974.98,974.98,0,974.98
6/15/2012,1026.58,1026.58,0,1026.58
6/16/2012,1632.81,1632.81,0,1632.81
6/17/2012,844.85,844.85,0,844.85
6/18/2012,676.16,676.16,0,676.16
6/19/2012,709.01,709.01,0,709.01
6/20/2012,868.56,868.56,0,868.56
6/21/2012,872.7,872.7,0,872.7
6/22/2012,1228.52,1228.52,0,1228.52
6/23/2012,1718.58,1718.58,0,1718.58
6/24/2012,994.38,994.38,0,994.38
6/25/2012,728.72,728.72,0,728.72
6/26/2012,721.27,721.27,0,721.27
6/27/2012,390.14,390.14,0,390.14
6/28/2012,999.67,999.67,0,999.67
6/29/2012,997.68,997.68,0,997.68
6/30/2012,,1551.82,0,1551.82
7/1/2012,1228.02,1228.02,0,1228.02
7/2/2012,1043.73,1043.73,0,1043.73
7/3/2012,802.07,802.07,0,802.07
7/4/2012,1278.69,1278.69,0,1278.69
7/5/2012,937.14,937.14,0,937.14
7/6/2012,1318.31,1318.31,0,1318.31
7/7/2012,1759.52,1759.52,0,1759.52
7/8/2012,893.39,893.39,0,893.39
7/9/2012,800.38,800.38,0,800.38
7/10/2012,981.44,981.44,0,981.44
7/11/2012,1068.33,1068.33,0,1068.33
7/12/2012,991.87,991.87,0,991.87
7/13/2012,1461.74,1461.74,0,1461.74
7/14/2012,1612.33,1612.33,0,1612.33
7/15/2012,831.39,831.39,0,831.39
7/16/2012,896.4,896.4,0,896.4
7/17/2012,857.36,857.36,0,857.36
7/18/2012,969.15,969.15,0,969.15
7/19/2012,763.96,763.96,0,763.96
7/20/2012,977.87,977.87,0,977.87
7/21/2012,1368.63,1368.63,0,1368.63
7/22/2012,987.12,987.12,0,987.12
7/23/2012,,868.78,0,868.78
7/24/2012,738.06,738.06,0,738.06
7/25/2012,953.63,953.63,0,953.63
7/26/2012,817.56,817.56,0,817.56
7/27/2012,1004.38,1004.38,0,1004.38
7/28/2012,1540.17,1540.17,0,1540.17
7/29/2012,1270.11,1270.11,0,1270.11
7/30/2012,874.69,874.69,0,874.69
7/31/2012,665.71,665.71,0,665.71
8/1/2012,584.38,584.38,0,584.38
8/2/2012,756.43,756.43,0,756.43
8/3/2012,1013.6,1013.6,0,1013.6
8/4/2012,1667.82,1667.82,0,1667.82
8/5/2012,1237.47,1237.47,0,1237.47
8/6/2012,769.28,769.28,0,769.28
8/7/2012,652.29,652.29,0,652.29
8/8/2012,855.89,855.89,0,855.89
8/9/2012,903.81,903.81,0,903.81
8/10/2012,958.73,958.73,0,958.73
8/11/2012,1594.63,1594.63,0,1594.63
8/12/2012,1114.53,1114.53,0,1114.53
8/13/2012,725.72,725.72,0,725.72
8/14/2012,422.99,422.99,0,422.99
8/15/2012,746.86,746.86,0,746.86
8/16/2012,906.26,906.26,0,906.26
8/17/2012,1002.58,1002.58,0,1002.58
8/18/2012,1350.2,1350.2,0,1350.2
8/19/2012,691.73,691.73,0,691.73
8/20/2012,660.51,660.51,0,660.51
8/21/2012,769.95,769.95,0,769.95
8/22/2012,856.35,856.35,0,856.35
8/23/2012,713.7,713.7,0,713.7
8/24/2012,1510.17,1510.17,0,1510.17
8/25/2012,1116.26,1116.26,0,1116.26
8/26/2012,956.5,956.5,0,956.5
8/27/2012,468.59,468.59,0,468.59
8/28/2012,806.51,806.51,0,806.51
8/29/2012,787.52,787.52,0,787.52
8/30/2012,669.24,669.24,0,669.24
8/31/2012,1399.45,1399.45,0,1399.45
9/1/2012,2037.89,2037.89,1,1037.89
9/2/2012,1268.33,1268.33,0,1268.33
9/3/2012,596.4,596.4,0,596.4
9/4/2012,401.64,401.64,0,401.64
9/5/2012,546.57,546.57,0,546.57
9/6/2012,644.34,644.34,0,644.34
9/7/2012,1236.14,1236.14,0,1236.14
9/8/2012,1073.18,1073.18,0,1073.18
9/9/2012,837.04,837.04,0,837.04
9/10/2012,250.84,250.84,0,250.84
9/11/2012,468.36,468.36,0,468.36
9/12/2012,494.65,494.65,0,494.65
9/13/2012,642.87,642.87,0,642.87
9/14/2012,1146.14,1146.14,0,1146.14
9/15/2012,1172.98,1172.98,0,1172.98
9/16/2012,679.13,679.13,0,679.13
9/17/2012,296.05,296.05,0,296.05
9/18/2012,285.78,285.78,0,285.78
9/19/2012,613,613,0,613
9/20/2012,511.92,511.92,0,511.92
9/21/2012,1101.33,1101.33,0,1101.33
9/22/2012,1485.13,1485.13,0,1485.13
9/23/2012,784.94,784.94,0,784.94
9/24/2012,384.15,384.15,0,384.15
9/25/2012,364.38,364.38,0,364.38
9/26/2012,603.46,603.46,0,603.46
9/27/2012,461.44,461.44,0,461.44
9/28/2012,765.2,765.2,0,765.2
9/29/2012,1468.38,1468.38,0,1468.38
9/30/2012,940.09,940.09,0,940.09
10/1/2012,273.53,273.53,0,273.53
10/2/2012,272.17,272.17,0,272.17
10/3/2012,841.86,841.86,0,841.86
10/4/2012,549.61,549.61,0,549.61
10/5/2012,1315.92,1315.92,0,1315.92
10/6/2012,1513.62,1513.62,0,1513.62
10/7/2012,528.78,528.78,0,528.78
10/8/2012,244.31,244.31,0,244.31
10/9/2012,283.34,283.34,0,283.34
10/10/2012,473.32,473.32,0,473.32
10/11/2012,585.38,585.38,0,585.38
10/12/2012,823.74,823.74,0,823.74
10/13/2012,1071.53,1071.53,0,1071.53
10/14/2012,698.17,698.17,0,698.17
10/15/2012,596.51,596.51,0,596.51
10/16/2012,410.98,410.98,0,410.98
10/17/2012,653.85,653.85,0,653.85
10/18/2012,544.54,544.54,0,544.54
10/19/2012,879.32,879.32,0,879.32
10/20/2012,1066.71,1066.71,0,1066.71
10/21/2012,860.59,860.59,0,860.59
10/22/2012,331.67,331.67,0,331.67
10/23/2012,519.52,519.52,0,519.52
10/24/2012,440.41,440.41,0,440.41
10/25/2012,717.5,717.5,0,717.5
10/26/2012,1022.25,1022.25,0,1022.25
10/27/2012,966.7,966.7,0,966.7
10/28/2012,392.16,392.16,0,392.16
10/29/2012,215.29,215.29,0,215.29
10/30/2012,305.33,305.33,0,305.33
10/31/2012,248.62,248.62,0,248.62
11/1/2012,427.69,427.69,0,427.69
11/2/2012,738.84,738.84,0,738.84
11/3/2012,829.27,829.27,0,829.27
11/4/2012,570.97,570.97,0,570.97
11/5/2012,314.81,314.81,0,314.81
11/6/2012,196.6,196.6,0,196.6
11/7/2012,142.78,142.78,0,142.78
11/8/2012,485.18,485.18,0,485.18
11/9/2012,737.75,737.75,0,737.75
11/10/2012,1340.45,1340.45,0,1340.45
11/11/2012,713.31,713.31,0,713.31
11/12/2012,273.38,273.38,0,273.38
11/13/2012,290.79,290.79,0,290.79
11/14/2012,309.53,309.53,0,309.53
11/15/2012,372.38,372.38,0,372.38
11/16/2012,466.26,466.26,0,466.26
11/17/2012,725.48,725.48,0,725.48
11/18/2012,536.06,536.06,0,536.06
11/19/2012,326.62,326.62,0,326.62
11/20/2012,383.53,383.53,0,383.53
11/21/2012,602.57,602.57,0,602.57
11/22/2012,,501.65,0,501.65
11/23/2012,939.76,939.76,0,939.76
11/24/2012,625.09,625.09,0,625.09
11/25/2012,479.21,479.21,0,479.21
11/26/2012,684.72,684.72,0,684.72
11/27/2012,235.19,235.19,0,235.19
11/28/2012,197.76,197.76,0,197.76
11/29/2012,505.48,505.48,0,505.48
11/30/2012,536.36,536.36,0,536.36
12/1/2012,827.49,827.49,0,827.49
12/2/2012,552.43,552.43,0,552.43
12/3/2012,321.3,321.3,0,321.3
12/4/2012,579.6,579.6,0,579.6
12/5/2012,309.5,309.5,0,309.5
12/6/2012,356.25,356.25,0,356.25
12/7/2012,590.93,590.93,0,590.93
12/8/2012,1149.95,1149.95,0,1149.95
12/9/2012,694.26,694.26,0,694.26
12/10/2012,259.88,259.88,0,259.88
12/11/2012,272.82,272.82,0,272.82
12/12/2012,454.48,454.48,0,454.48
12/13/2012,391.52,391.52,0,391.52
12/14/2012,473.19,473.19,0,473.19
12/15/2012,934.85,934.85,0,934.85
12/16/2012,436.37,436.37,0,436.37
12/17/2012,415.38,415.38,0,415.38
12/18/2012,277.9,277.9,0,277.9
12/19/2012,403.84,403.84,0,403.84
12/20/2012,480.07,480.07,0,480.07
12/21/2012,538.56,538.56,0,538.56
12/22/2012,642.24,642.24,0,642.24
12/23/2012,626.31,626.31,0,626.31
12/24/2012,220.69,220.69,0,220.69
12/25/2012,,376.77,0,376.77
12/26/2012,,389.27,0,389.27
12/27/2012,350.02,350.02,0,350.02
12/28/2012,512.42,512.42,0,512.42
12/29/2012,527.11,527.11,0,527.11
12/30/2012,434.23,434.23,0,434.23
12/31/2012,391.47,391.47,0,391.47
1/1/2013,,269.35,0,269.35
1/2/2013,,317.73,0,317.73
1/3/2013,,320.37,0,320.37
1/4/2013,,464.53,0,464.53
1/5/2013,,694.99,0,694.99
1/6/2013,,491.68,0,491.68
1/7/2013,,300.7,0,300.7
1/8/2013,,266.94,0,266.94
1/9/2013,,273.16,0,273.16
1/10/2013,,288.43,0,288.43
1/11/2013,,446.02,0,446.02
1/12/2013,,708.17,0,708.17
1/13/2013,,458.02,0,458.02
1/14/2013,,320.71,0,320.71
1/15/2013,202.98,202.98,0,202.98
1/16/2013,352.37,352.37,0,352.37
1/17/2013,212.51,212.51,0,212.51
1/18/2013,553.94,553.94,0,553.94
1/19/2013,908.06,908.06,0,908.06
1/20/2013,554.5,554.5,0,554.5
1/21/2013,293.1,293.1,0,293.1
1/22/2013,166.63,166.63,0,166.63
1/23/2013,111.65,111.65,0,111.65
1/24/2013,274.68,274.68,0,274.68
1/25/2013,253.2,253.2,0,253.2
1/26/2013,702.54,702.54,0,702.54
1/27/2013,351.66,351.66,0,351.66
1/28/2013,297.55,297.55,0,297.55
1/29/2013,318.98,318.98,0,318.98
1/30/2013,194.79,194.79,0,194.79
1/31/2013,284.57,284.57,0,284.57
2/1/2013,398.66,398.66,0,398.66
2/2/2013,531.21,531.21,0,531.21
2/3/2013,331.13,331.13,0,331.13
2/4/2013,190.33,190.33,0,190.33
2/5/2013,141.96,141.96,0,141.96
2/6/2013,429.06,429.06,0,429.06
2/7/2013,261.97,261.97,0,261.97
2/8/2013,581.51,581.51,0,581.51
2/9/2013,970.14,970.14,0,970.14
2/10/2013,396.28,396.28,0,396.28
2/11/2013,261.78,261.78,0,261.78
2/12/2013,253.84,253.84,0,253.84
2/13/2013,265.23,265.23,0,265.23
2/14/2013,608.1,608.1,0,608.1
2/15/2013,554.82,554.82,0,554.82
2/16/2013,755.25,755.25,0,755.25
2/17/2013,385.66,385.66,0,385.66
2/18/2013,459.43,459.43,0,459.43
2/19/2013,191.22,191.22,0,191.22
2/20/2013,244.25,244.25,0,244.25
2/21/2013,287.34,287.34,0,287.34
2/22/2013,430.35,430.35,0,430.35
2/23/2013,1219.06,1219.06,0,1219.06
2/24/2013,488.85,488.85,0,488.85
2/25/2013,237.4,237.4,0,237.4
2/26/2013,81.16,81.16,0,81.16
2/27/2013,257.24,257.24,0,257.24
2/28/2013,394.81,394.81,0,394.81
3/1/2013,554.71,554.71,0,554.71
3/2/2013,590.11,590.11,0,590.11
3/3/2013,414.4,414.4,0,414.4
3/4/2013,204.2,204.2,0,204.2
3/5/2013,208.4,208.4,0,208.4
3/6/2013,283.58,283.58,0,283.58
3/7/2013,319.84,319.84,0,319.84
3/8/2013,519.78,519.78,0,519.78
3/9/2013,836.95,836.95,0,836.95
3/10/2013,641.16,641.16,0,641.16
3/11/2013,318.38,318.38,0,318.38
3/12/2013,465.56,465.56,0,465.56
3/13/2013,402.31,402.31,0,402.31
3/14/2013,608.67,608.67,0,608.67
3/15/2013,908.74,908.74,0,908.74
3/16/2013,1156.96,1156.96,0,1156.96
3/17/2013,,474.48,0,474.48
3/18/2013,284.93,284.93,0,284.93
3/19/2013,304.31,304.31,0,304.31
3/20/2013,307.02,307.02,0,307.02
3/21/2013,338.11,338.11,0,338.11
3/22/2013,716.05,716.05,0,716.05
3/23/2013,1356.48,1356.48,0,1356.48
3/24/2013,499.87,499.87,0,499.87
3/25/2013,276.02,276.02,0,276.02
3/26/2013,441.7,441.7,0,441.7
3/27/2013,547.32,547.32,0,547.32
3/28/2013,674.42,674.42,0,674.42
3/29/2013,1032.53,1032.53,0,1032.53
3/30/2013,1294.46,1294.46,0,1294.46
3/31/2013,342.47,342.47,0,342.47
4/1/2013,559.94,559.94,0,559.94
4/2/2013,413.36,413.36,0,413.36
4/3/2013,737.62,737.62,0,737.62
4/4/2013,478.39,478.39,0,478.39
4/5/2013,1198.88,1198.88,0,1198.88
4/6/2013,1490.54,1490.54,0,1490.54
4/7/2013,994.47,994.47,0,994.47
4/8/2013,586.14,586.14,0,586.14
4/9/2013,857.63,857.63,0,857.63
4/10/2013,824.56,824.56,0,824.56
4/11/2013,1046.07,1046.07,0,1046.07
4/12/2013,1271.95,1271.95,0,1271.95
4/13/2013,1558.18,1558.18,0,1558.18
4/14/2013,1057.41,1057.41,0,1057.41
4/15/2013,484.32,484.32,0,484.32
4/16/2013,581.66,581.66,0,581.66
4/17/2013,757.67,757.67,0,757.67
4/18/2013,888.4,888.4,0,888.4
4/19/2013,648.41,648.41,0,648.41
4/20/2013,1636.11,1636.11,0,1636.11
4/21/2013,862.99,862.99,0,862.99
4/22/2013,387.01,387.01,0,387.01
4/23/2013,380.59,380.59,0,380.59
4/24/2013,572.56,572.56,0,572.56
4/25/2013,561.97,561.97,0,561.97
4/26/2013,1100.65,1100.65,0,1100.65
4/27/2013,1698.13,1698.13,0,1698.13
4/28/2013,613.97,613.97,0,613.97
4/29/2013,388.16,388.16,0,388.16
4/30/2013,808.56,808.56,0,808.56
5/1/2013,630.98,630.98,0,630.98
5/2/2013,766.69,766.69,0,766.69
5/3/2013,1156.2,1156.2,0,1156.2
5/4/2013,1404.9,1404.9,0,1404.9
5/5/2013,870.77,870.77,0,870.77
5/6/2013,256.19,256.19,0,256.19
5/7/2013,309.66,309.66,0,309.66
5/8/2013,393.9,393.9,0,393.9
5/9/2013,1042.52,1042.52,0,1042.52
5/10/2013,1126.17,1126.17,0,1126.17
5/11/2013,1397.22,1397.22,0,1397.22
5/12/2013,1223.74,1223.74,0,1223.74
5/13/2013,386.67,386.67,0,386.67
5/14/2013,723.55,723.55,0,723.55
5/15/2013,796.8,796.8,0,796.8
5/16/2013,837.9,837.9,0,837.9
5/17/2013,1344.45,1344.45,0,1344.45
5/18/2013,1940.56,1940.56,1,940.56
5/19/2013,923.34,923.34,0,923.34
5/20/2013,514.26,514.26,0,514.26
5/21/2013,767.87,767.87,0,767.87
5/22/2013,821.43,821.43,0,821.43
5/23/2013,848.63,848.63,0,848.63
5/24/2013,733.04,733.04,0,733.04
5/25/2013,1766.87,1766.87,0,1766.87
5/26/2013,1353.36,1353.36,0,1353.36
5/27/2013,770.57,770.57,0,770.57
5/28/2013,689.71,689.71,0,689.71
5/29/2013,815.26,815.26,0,815.26
5/30/2013,984.93,984.93,0,984.93
5/31/2013,1274.22,1274.22,0,1274.22
6/1/2013,1375.46,1375.46,0,1375.46
6/2/2013,865.19,865.19,0,865.19
6/3/2013,722.44,722.44,0,722.44
6/4/2013,719.51,719.51,0,719.51
6/5/2013,739.45,739.45,0,739.45
6/6/2013,662.06,662.06,0,662.06
6/7/2013,1030.24,1030.24,0,1030.24
6/8/2013,1533.91,1533.91,0,1533.91
6/9/2013,1219.41,1219.41,0,1219.41
6/10/2013,805.44,805.44,0,805.44
6/11/2013,825.11,825.11,0,825.11
6/12/2013,906.72,906.72,0,906.72
6/13/2013,803.19,803.19,0,803.19
6/14/2013,987.39,987.39,0,987.39
6/15/2013,1136.87,1136.87,0,1136.87
6/16/2013,1028.63,1028.63,0,1028.63
6/17/2013,609.65,609.65,0,609.65
6/18/2013,728.59,728.59,0,728.59
6/19/2013,757.42,757.42,0,757.42
6/20/2013,1127.69,1127.69,0,1127.69
6/21/2013,1165.74,1165.74,0,1165.74
6/22/2013,1801.74,1801.74,0,1801.74
6/23/2013,1576.28,1576.28,0,1576.28
6/24/2013,692.14,692.14,0,692.14
6/25/2013,957.1,957.1,0,957.1
6/26/2013,1012.26,1012.26,0,1012.26
6/27/2013,1093.54,1093.54,0,1093.54
6/28/2013,1516.14,1516.14,0,1516.14
6/29/2013,1665.06,1665.06,0,1665.06
6/30/2013,1061.01,1061.01,0,1061.01
7/1/2013,1053.41,1053.41,0,1053.41
7/2/2013,711.32,711.32,0,711.32
7/3/2013,822.18,822.18,0,822.18
7/4/2013,1525.94,1525.94,0,1525.94
7/5/2013,1438.92,1438.92,0,1438.92
7/6/2013,1841.31,1841.31,0,1841.31
7/7/2013,980.25,980.25,0,980.25
7/8/2013,876.35,876.35,0,876.35
7/9/2013,616.25,616.25,0,616.25
7/10/2013,734.4,734.4,0,734.4
7/11/2013,889.39,889.39,0,889.39
7/12/2013,1076.88,1076.88,0,1076.88
7/13/2013,1447.43,1447.43,0,1447.43
7/14/2013,1085.94,1085.94,0,1085.94
7/15/2013,824.99,824.99,0,824.99
7/16/2013,1112.33,1112.33,0,1112.33
7/17/2013,1037,1037,0,1037
7/18/2013,1049.5,1049.5,0,1049.5
7/19/2013,1106.42,1106.42,0,1106.42
7/20/2013,1463.38,1463.38,0,1463.38
7/21/2013,928.21,928.21,0,928.21
7/22/2013,588.53,588.53,0,588.53
7/23/2013,932.6,932.6,0,932.6
7/24/2013,911.12,911.12,0,911.12
7/25/2013,1015.02,1015.02,0,1015.02
7/26/2013,1494.12,1494.12,0,1494.12
7/27/2013,1512.28,1512.28,0,1512.28
7/28/2013,1172.78,1172.78,0,1172.78
7/29/2013,709.02,709.02,0,709.02
7/30/2013,852.87,852.87,0,852.87
7/31/2013,840.42,840.42,0,840.42
8/1/2013,1173.84,1173.84,0,1173.84
8/2/2013,1325.58,1325.58,0,1325.58
8/3/2013,1905.2,1905.2,0,1905.2
8/4/2013,1374.03,1374.03,0,1374.03
8/5/2013,862.35,862.35,0,862.35
8/6/2013,878.67,878.67,0,878.67
8/7/2013,1005.11,1005.11,0,1005.11
8/8/2013,975.66,975.66,0,975.66
8/9/2013,1562.36,1562.36,0,1562.36
8/10/2013,1318.4,1318.4,0,1318.4
8/11/2013,1153.86,1153.86,0,1153.86
8/12/2013,685.62,685.62,0,685.62
8/13/2013,711.62,711.62,0,711.62
8/14/2013,861.87,861.87,0,861.87
8/15/2013,771.89,771.89,0,771.89
8/16/2013,1448.83,1448.83,0,1448.83
8/17/2013,1353.34,1353.34,0,1353.34
8/18/2013,1023.09,1023.09,0,1023.09
8/19/2013,942.41,942.41,0,942.41
8/20/2013,843.98,843.98,0,843.98
8/21/2013,870.69,870.69,0,870.69
8/22/2013,886.38,886.38,0,886.38
8/23/2013,1122.31,1122.31,0,1122.31
8/24/2013,1685.62,1685.62,0,1685.62
8/25/2013,1023.32,1023.32,0,1023.32
8/26/2013,661.14,661.14,0,661.14
8/27/2013,534.53,534.53,0,534.53
8/28/2013,555.74,555.74,0,555.74
8/29/2013,945.68,945.68,0,945.68
8/30/2013,1356.72,1356.72,0,1356.72
8/31/2013,2471.79,2471.79,1,1471.79
9/1/2013,1431.6,1431.6,0,1431.6
9/2/2013,937.7,937.7,0,937.7
9/3/2013,619.41,619.41,0,619.41
9/4/2013,686.05,686.05,0,686.05
9/5/2013,630.6,630.6,0,630.6
9/6/2013,1240.49,1240.49,0,1240.49
9/7/2013,1712.46,1712.46,0,1712.46
9/8/2013,828.67,828.67,0,828.67
9/9/2013,429.68,429.68,0,429.68
9/10/2013,477.06,477.06,0,477.06
9/11/2013,739.61,739.61,0,739.61
9/12/2013,661.94,661.94,0,661.94
9/13/2013,1157.51,1157.51,0,1157.51
9/14/2013,1359.06,1359.06,0,1359.06
9/15/2013,1037.15,1037.15,0,1037.15
9/16/2013,437.1,437.1,0,437.1
9/17/2013,367.69,367.69,0,367.69
9/18/2013,543.54,543.54,0,543.54
9/19/2013,555.65,555.65,0,555.65
9/20/2013,1031.71,1031.71,0,1031.71
9/21/2013,1124.71,1124.71,0,1124.71
9/22/2013,886.62,886.62,0,886.62
9/23/2013,356.91,356.91,0,356.91
9/24/2013,579,579,0,579
9/25/2013,413.42,413.42,0,413.42
9/26/2013,576.18,576.18,0,576.18
9/27/2013,1314.25,1314.25,0,1314.25
9/28/2013,1233.24,1233.24,0,1233.24
9/29/2013,774.62,774.62,0,774.62
9/30/2013,456.4,456.4,0,456.4
10/1/2013,502.84,502.84,0,502.84
10/2/2013,816.97,816.97,0,816.97
10/3/2013,574.81,574.81,0,574.81
10/4/2013,1340.03,1340.03,0,1340.03
10/5/2013,1970.66,1970.66,0,1970.66
10/6/2013,892.36,892.36,0,892.36
10/7/2013,489.9,489.9,0,489.9
10/8/2013,577.45,577.45,0,577.45
10/9/2013,335.96,335.96,0,335.96
10/10/2013,615.78,615.78,0,615.78
10/11/2013,1074.59,1074.59,0,1074.59
10/12/2013,1417.92,1417.92,0,1417.92
10/13/2013,711.55,711.55,0,711.55
10/14/2013,360.35,360.35,0,360.35
10/15/2013,516.73,516.73,0,516.73
10/16/2013,949.54,949.54,0,949.54
10/17/2013,662.12,662.12,0,662.12
10/18/2013,1075.91,1075.91,0,1075.91
10/19/2013,1371.05,1371.05,0,1371.05
10/20/2013,676.55,676.55,0,676.55
10/21/2013,356.79,356.79,0,356.79
10/22/2013,522.18,522.18,0,522.18
10/23/2013,287.39,287.39,0,287.39
10/24/2013,403.65,403.65,0,403.65
10/25/2013,828.99,828.99,0,828.99
10/26/2013,1189.21,1189.21,0,1189.21
10/27/2013,681.11,681.11,0,681.11
10/28/2013,412.44,412.44,0,412.44
10/29/2013,391.98,391.98,0,391.98
10/30/2013,409.2,409.2,0,409.2
10/31/2013,418.32,418.32,0,418.32
11/1/2013,820.18,820.18,0,820.18
11/2/2013,1189.65,1189.65,0,1189.65
11/3/2013,671.13,671.13,0,671.13
11/4/2013,274.88,274.88,0,274.88
11/5/2013,470.41,470.41,0,470.41
11/6/2013,447.47,447.47,0,447.47
11/7/2013,677.38,677.38,0,677.38
11/8/2013,772.17,772.17,0,772.17
11/9/2013,989.63,989.63,0,989.63
11/10/2013,723.47,723.47,0,723.47
11/11/2013,332.08,332.08,0,332.08
11/12/2013,209.54,209.54,0,209.54
11/13/2013,270.45,270.45,0,270.45
11/14/2013,625.37,625.37,0,625.37
11/15/2013,796.89,796.89,0,796.89
11/16/2013,1203.37,1203.37,0,1203.37
11/17/2013,546.97,546.97,0,546.97
11/18/2013,451.5,451.5,0,451.5
11/19/2013,324.34,324.34,0,324.34
11/20/2013,423.75,423.75,0,423.75
11/21/2013,474.51,474.51,0,474.51
11/22/2013,816.21,816.21,0,816.21
11/23/2013,783.64,783.64,0,783.64
11/24/2013,349.04,349.04,0,349.04
11/25/2013,318.77,318.77,0,318.77
11/26/2013,317.96,317.96,0,317.96
11/27/2013,337.59,337.59,0,337.59
11/28/2013,,492.06,0,492.06
11/29/2013,706.71,706.71,0,706.71
11/30/2013,985.36,985.36,0,985.36
12/1/2013,523.49,523.49,0,523.49
12/2/2013,761.36,761.36,0,761.36
12/3/2013,275.46,275.46,0,275.46
12/4/2013,393.87,393.87,0,393.87
12/5/2013,505.23,505.23,0,505.23
12/6/2013,517.93,517.93,0,517.93
12/7/2013,777.01,777.01,0,777.01
12/8/2013,50.44,50.44,0,50.44
12/9/2013,473.08,473.08,0,473.08
12/10/2013,308.07,308.07,0,308.07
12/11/2013,302.61,302.61,0,302.61
12/12/2013,363.13,363.13,0,363.13
12/13/2013,568.95,568.95,0,568.95
12/14/2013,672.8,672.8,0,672.8
12/15/2013,469.26,469.26,0,469.26
12/16/2013,347.59,347.59,0,347.59
12/17/2013,477.96,477.96,0,477.96
12/18/2013,533.84,533.84,0,533.84
12/19/2013,607.77,607.77,0,607.77
12/20/2013,793.48,793.48,0,793.48
12/21/2013,1240.93,1240.93,0,1240.93
12/22/2013,713.27,713.27,0,713.27
12/23/2013,822.48,822.48,0,822.48
12/24/2013,281.68,281.68,0,281.68
12/25/2013,,338.3875,0,338.3875
12/26/2013,590.12,590.12,0,590.12
12/27/2013,713.75,713.75,0,713.75
12/28/2013,1201.16,1201.16,0,1201.16
12/29/2013,633.06,633.06,0,633.06
12/30/2013,562.02,562.02,0,562.02
12/31/2013,567.45,567.45,0,567.45
1/1/2014,383.16,383.16,0,383.16
1/2/2014,262.49,262.49,0,262.49
1/3/2014,402.65,402.65,0,402.65
1/4/2014,728.21,728.21,0,728.21
1/5/2014,255.35,255.35,0,255.35
1/6/2014,183.54,183.54,0,183.54
1/7/2014,128.87,128.87,0,128.87
1/8/2014,85.87,85.87,0,85.87
1/9/2014,370.51,370.51,0,370.51
1/10/2014,463.86,463.86,0,463.86
1/11/2014,677.9,677.9,0,677.9
1/12/2014,428.74,428.74,0,428.74
1/13/2014,271.31,271.31,0,271.31
1/14/2014,267.14,267.14,0,267.14
1/15/2014,363.12,363.12,0,363.12
1/16/2014,388.3,388.3,0,388.3
1/17/2014,736.19,736.19,0,736.19
1/18/2014,914.61,914.61,0,914.61
1/19/2014,428.46,428.46,0,428.46
1/20/2014,625.85,625.85,0,625.85
1/21/2014,174.06,174.06,0,174.06
1/22/2014,210.35,210.35,0,210.35
1/23/2014,365.47,365.47,0,365.47
1/24/2014,372.39,372.39,0,372.39
1/25/2014,507.6,507.6,0,507.6
1/26/2014,462.67,462.67,0,462.67
1/27/2014,292.92,292.92,0,292.92
1/28/2014,97.09,97.09,0,97.09
1/29/2014,235.08,235.08,0,235.08
1/30/2014,336.88,336.88,0,336.88
1/31/2014,634.85,634.85,0,634.85
2/1/2014,1316.04,1316.04,0,1316.04
2/2/2014,587.21,587.21,0,587.21
2/3/2014,218.65,218.65,0,218.65
2/4/2014,183.81,183.81,0,183.81
2/5/2014,662.16,662.16,0,662.16
2/6/2014,444.45,444.45,0,444.45
2/7/2014,736.55,736.55,0,736.55
2/8/2014,711.04,711.04,0,711.04
2/9/2014,456.04,456.04,0,456.04
2/10/2014,265.09,265.09,0,265.09
2/11/2014,195.89,195.89,0,195.89
2/12/2014,133.95,133.95,0,133.95
2/13/2014,327.82,327.82,0,327.82
2/14/2014,1220.34,1220.34,0,1220.34
2/15/2014,844.53,844.53,0,844.53
2/16/2014,678.53,678.53,0,678.53
2/17/2014,371.73,371.73,0,371.73
2/18/2014,224.99,224.99,0,224.99
2/19/2014,513.1,513.1,0,513.1
2/20/2014,560.37,560.37,0,560.37
2/21/2014,774.1,774.1,0,774.1
2/22/2014,1582.78,1582.78,0,1582.78
2/23/2014,1174.89,1174.89,0,1174.89
2/24/2014,266.71,266.71,0,266.71
2/25/2014,297.84,297.84,0,297.84
2/26/2014,375.73,375.73,0,375.73
2/27/2014,366.21,366.21,0,366.21
2/28/2014,644.96,644.96,0,644.96
3/1/2014,1006.84,1006.84,0,1006.84
3/2/2014,508.55,508.55,0,508.55
3/3/2014,157.31,157.31,0,157.31
3/4/2014,309.46,309.46,0,309.46
3/5/2014,345.59,345.59,0,345.59
3/6/2014,232.97,232.97,0,232.97
3/7/2014,494.97,494.97,0,494.97
3/8/2014,1527.29,1527.29,0,1527.29
3/9/2014,843.46,843.46,0,843.46
3/10/2014,709.68,709.68,0,709.68
3/11/2014,724.2,724.2,0,724.2
3/12/2014,449.92,449.92,0,449.92
3/13/2014,442.25,442.25,0,442.25
3/14/2014,1030.92,1030.92,0,1030.92
3/15/2014,1827.53,1827.53,0,1827.53
3/16/2014,339.85,339.85,0,339.85
3/17/2014,364.36,364.36,0,364.36
3/18/2014,208.43,208.43,0,208.43
3/19/2014,437.52,437.52,0,437.52
3/20/2014,549.78,549.78,0,549.78
3/21/2014,1266.55,1266.55,0,1266.55
3/22/2014,1858.26,1858.26,0,1858.26
3/23/2014,615.63,615.63,0,615.63
3/24/2014,399.17,399.17,0,399.17
3/25/2014,262.02,262.02,0,262.02
3/26/2014,502.41,502.41,0,502.41
3/27/2014,695.6,695.6,0,695.6
3/28/2014,1064.51,1064.51,0,1064.51
3/29/2014,1159.47,1159.47,0,1159.47
3/30/2014,617.9,617.9,0,617.9
3/31/2014,617.78,617.78,0,617.78
